<?xml version="1.0" encoding="UTF-8"?>
<!DOCTYPE html PUBLIC "-//W3C//DTD XHTML 1.0 Transitional//EN"
    "http://www.w3.org/TR/xhtml1/DTD/xhtml1-transitional.dtd">
<html xmlns="http://www.w3.org/1999/xhtml" xml:lang="en" lang="en">
 <head>
  <title>
</title>
<meta http-equiv="Content-Type" content="text/html;charset=utf-8" />
  <meta name='ocr-system' content='tesseract 3.04.00' />
  <meta name='ocr-capabilities' content='ocr_page ocr_carea ocr_par ocr_line ocrx_word'/>
</head>
<body>
  <div class='ocr_page' id='page_1' title='image "./dehecyraeterent00hildgoog_0011.png"; bbox 0 0 3266 4772; ppageno 0'>
   <div class='ocr_carea' id='block_1_1' title="bbox 751 476 942 539">
    <p class='ocr_par' dir='ltr' id='par_1_1' title="bbox 751 476 942 539">
     <span class='ocr_line' id='line_1_1' title="bbox 751 476 942 539; baseline -0.005 -19"><span class='ocrx_word' id='word_1_1' title='bbox 751 476 942 539; x_wconf 70' lang='lat'><strong>„2-</strong></span> 
     </span>
    </p>
   </div>
   <div class='ocr_carea' id='block_1_2' title="bbox 306 629 1385 2548">
    <p class='ocr_par' dir='ltr' id='par_1_2' title="bbox 306 629 1385 2548">
     <span class='ocr_line' id='line_1_2' title="bbox 396 629 679 689; baseline 0.004 -2"><span class='ocrx_word' id='word_1_2' title='bbox 396 635 425 688; x_wconf 81' lang='lat'><strong>2.</strong></span> <span class='ocrx_word' id='word_1_3' title='bbox 449 630 486 688; x_wconf 81' lang='lat' dir='ltr'><strong>ad</strong></span> <span class='ocrx_word' id='word_1_4' title='bbox 506 630 549 689; x_wconf 90' lang='lat' dir='ltr'><strong>H.</strong></span> <span class='ocrx_word' id='word_1_5' title='bbox 577 633 603 689; x_wconf 91' lang='lat'><strong>1.</strong></span> <span class='ocrx_word' id='word_1_6' title='bbox 633 629 679 689; x_wconf 83' lang='lat'><strong>17.</strong></span> 
     </span>
     <span class='ocr_line' id='line_1_3' title="bbox 375 726 1320 811; baseline 0 -20"><span class='ocrx_word' id='word_1_7' title='bbox 375 735 391 791; x_wconf 90' lang='lat'><strong>‘.</strong></span> <span class='ocrx_word' id='word_1_8' title='bbox 409 775 415 790; x_wconf 91' lang='lat'><strong>.</strong></span> <span class='ocrx_word' id='word_1_9' title='bbox 433 776 440 792; x_wconf 90' lang='lat'><strong>.</strong></span> <span class='ocrx_word' id='word_1_10' title='bbox 457 776 463 790; x_wconf 94' lang='lat'><strong><em>.</em></strong></span> <span class='ocrx_word' id='word_1_11' title='bbox 483 751 560 811; x_wconf 80' lang='lat' dir='ltr'><strong>quoe</strong></span> <span class='ocrx_word' id='word_1_12' title='bbox 582 750 629 790; x_wconf 88' lang='lat' dir='ltr'><strong>me</strong></span> <span class='ocrx_word' id='word_1_13' title='bbox 653 733 773 792; x_wconf 89' lang='lat' dir='ltr'><strong>omnino</strong></span> <span class='ocrx_word' id='word_1_14' title='bbox 796 733 924 810; x_wconf 82' lang='lat' dir='ltr'>lapidem</span> <span class='ocrx_word' id='word_1_15' title='bbox 949 754 1010 793; x_wconf 92' lang='lat' dir='ltr'><strong>non</strong></span> <span class='ocrx_word' id='word_1_16' title='bbox 1031 734 1182 793; x_wconf 89' lang='lat' dir='ltr'><strong>hominem</strong></span> <span class='ocrx_word' id='word_1_17' title='bbox 1203 726 1320 810; x_wconf 79' lang='lat' dir='ltr'><strong>putas.&#39;&#39;</strong></span> 
     </span>
     <span class='ocr_line' id='line_1_4' title="bbox 309 833 755 910; baseline 0.007 -19"><span class='ocrx_word' id='word_1_18' title='bbox 309 835 433 893; x_wconf 83' lang='lat' dir='ltr'><strong>Donat:</strong></span> <span class='ocrx_word' id='word_1_19' title='bbox 457 833 518 894; x_wconf 80' lang='lat' dir='ltr'><strong>‘Sic</strong></span> <span class='ocrx_word' id='word_1_20' title='bbox 539 833 755 910; x_wconf 85' lang='lat' dir='ltr'><strong>Apollodorus:</strong></span> 
     </span>
     <span class='ocr_line' id='line_1_5' title="bbox 461 929 1135 1015; baseline 0.004 -23"><span class='ocrx_word' id='word_1_21' title='bbox 461 929 509 994; x_wconf 79' lang='grc' dir='ltr'>Σύ</span> <span class='ocrx_word' id='word_1_22' title='bbox 531 931 567 1011; x_wconf 71' lang='grc' dir='ltr'><strong>μὲ</strong></span> <span class='ocrx_word' id='word_1_23' title='bbox 589 929 783 995; x_wconf 75' lang='grc' dir='ltr'><strong><em>παντάπασιν</em></strong></span> <span class='ocrx_word' id='word_1_24' title='bbox 804 933 843 995; x_wconf 67' lang='lat' dir='ltr'><strong>⁴‘e</strong></span> <span class='ocrx_word' id='word_1_25' title='bbox 867 938 980 996; x_wconf 86' lang='grc' dir='ltr'><em>ΗΣΑΙ</em></span> <span class='ocrx_word' id='word_1_26' title='bbox 997 930 1096 996; x_wconf 78' lang='grc' dir='ltr'><em>λίθον’</em></span> <span class='ocrx_word' id='word_1_27' title='bbox 1106 937 1135 1015; x_wconf 88' lang='lat'><strong>¹)</strong></span> 
     </span>
     <span class='ocr_line' id='line_1_6' title="bbox 396 1038 734 1099; baseline 0.009 -4"><span class='ocrx_word' id='word_1_28' title='bbox 396 1042 424 1096; x_wconf 90' lang='grc'><strong>3.</strong></span> <span class='ocrx_word' id='word_1_29' title='bbox 447 1038 483 1096; x_wconf 82' lang='lat' dir='ltr'><strong>od</strong></span> <span class='ocrx_word' id='word_1_30' title='bbox 506 1038 564 1096; x_wconf 89' lang='lat'>111.</span> <span class='ocrx_word' id='word_1_31' title='bbox 592 1043 617 1096; x_wconf 94' lang='lat' dir='ltr'><strong>l.</strong></span> <span class='ocrx_word' id='word_1_32' title='bbox 641 1040 734 1099; x_wconf 87' lang='grc'><strong>6-7.</strong></span> 
     </span>
     <span class='ocr_line' id='line_1_7' title="bbox 376 1138 1382 1222; baseline 0.001 -25"><span class='ocrx_word' id='word_1_33' title='bbox 376 1140 461 1197; x_wconf 83' lang='lat' dir='ltr'><strong>‘Nam</strong></span> <span class='ocrx_word' id='word_1_34' title='bbox 484 1159 539 1200; x_wconf 90' lang='lat' dir='ltr'><strong>nos</strong></span> <span class='ocrx_word' id='word_1_35' title='bbox 558 1160 661 1200; x_wconf 89' lang='lat' dir='ltr'><strong>omnes</strong></span> <span class='ocrx_word' id='word_1_36' title='bbox 677 1141 785 1220; x_wconf 90' lang='lat' dir='ltr'><strong>quibus</strong></span> <span class='ocrx_word' id='word_1_37' title='bbox 801 1146 846 1201; x_wconf 86' lang='lat' dir='ltr'><strong>est</strong></span> <span class='ocrx_word' id='word_1_38' title='bbox 861 1141 997 1201; x_wconf 79' lang='lat' dir='ltr'><strong>alicunde</strong></span> <span class='ocrx_word' id='word_1_39' title='bbox 1012 1142 1120 1222; x_wconf 83' lang='lat' dir='ltr'><strong>uliquis</strong></span> <span class='ocrx_word' id='word_1_40' title='bbox 1135 1140 1269 1202; x_wconf 89' lang='lat' dir='ltr'><strong>obieotus</strong></span> <span class='ocrx_word' id='word_1_41' title='bbox 1290 1138 1382 1211; x_wconf 84' lang='lat' dir='ltr'><strong>lsbos,</strong></span> 
     </span>
     <span class='ocr_line' id='line_1_8' title="bbox 374 1239 1382 1324; baseline 0.002 -25"><span class='ocrx_word' id='word_1_42' title='bbox 374 1239 468 1300; x_wconf 88' lang='lat' dir='ltr'><strong>Omne</strong></span> <span class='ocrx_word' id='word_1_43' title='bbox 483 1243 564 1321; x_wconf 90' lang='lat' dir='ltr'><strong>quod</strong></span> <span class='ocrx_word' id='word_1_44' title='bbox 587 1248 633 1302; x_wconf 89' lang='lat' dir='ltr'><strong>est</strong></span> <span class='ocrx_word' id='word_1_45' title='bbox 652 1243 768 1303; x_wconf 83' lang='lat' dir='ltr'><strong>intereo</strong></span> <span class='ocrx_word' id='word_1_46' title='bbox 790 1249 908 1320; x_wconf 81' lang='lat' dir='ltr'><strong>tempus</strong></span> <span class='ocrx_word' id='word_1_47' title='bbox 928 1243 1117 1324; x_wconf 78' lang='lat' dir='ltr'><strong>priusquam</strong></span> <span class='ocrx_word' id='word_1_48' title='bbox 1139 1243 1169 1301; x_wconf 93' lang='lat' dir='ltr'><strong>id</strong></span> <span class='ocrx_word' id='word_1_49' title='bbox 1191 1243 1382 1302; x_wconf 77' lang='lat' dir='ltr'><strong>rescituumst</strong></span> 
     </span>
     <span class='ocr_line' id='line_1_9' title="bbox 1178 1340 1307 1405; baseline -0.008 -1"><span class='ocrx_word' id='word_1_50' title='bbox 1178 1340 1307 1405; x_wconf 86' lang='lat' dir='ltr'><strong>luorost.&#39;</strong></span> 
     </span>
     <span class='ocr_line' id='line_1_10' title="bbox 308 1446 1048 1529; baseline 0.009 -26"><span class='ocrx_word' id='word_1_51' title='bbox 308 1446 433 1506; x_wconf 78' lang='lat' dir='ltr'><strong>Donat:</strong></span> <span class='ocrx_word' id='word_1_52' title='bbox 455 1447 561 1507; x_wconf 81' lang='lat' dir='ltr'><strong>Totum</strong></span> <span class='ocrx_word' id='word_1_53' title='bbox 585 1448 761 1525; x_wconf 86' lang='lat' dir='ltr'><strong>Apollodori</strong></span> <span class='ocrx_word' id='word_1_54' title='bbox 784 1450 904 1529; x_wconf 88' lang='lat' dir='ltr'><strong>estqui</strong></span> <span class='ocrx_word' id='word_1_55' title='bbox 928 1450 970 1510; x_wconf 91' lang='lat' dir='ltr'><strong>sio</strong></span> <span class='ocrx_word' id='word_1_56' title='bbox 992 1450 1048 1510; x_wconf 83' lang='lat' dir='ltr'><strong>uit:</strong></span> 
     </span>
     <span class='ocr_line' id='line_1_11' title="bbox 461 1547 1213 1629; baseline 0.004 -23"><span class='ocrx_word' id='word_1_57' title='bbox 461 1547 613 1607; x_wconf 73' lang='lat' dir='ltr'><em>*OIFAP</em></span> <span class='ocrx_word' id='word_1_58' title='bbox 630 1551 893 1611; x_wconf 78' lang='lat' dir='ltr'><em>ACICOYNIEC</em></span> <span class='ocrx_word' id='word_1_59' title='bbox 919 1553 1010 1611; x_wconf 87' lang='grc' dir='ltr'><strong>ΤΟΝ</strong></span> <span class='ocrx_word' id='word_1_60' title='bbox 1027 1550 1213 1629; x_wconf 71' lang='grc' dir='ltr'><strong><em>χΡωΟΝΟΦ</em></strong></span> 
     </span>
     <span class='ocr_line' id='line_1_12' title="bbox 754 1651 1173 1730; baseline 0.002 -18"><span class='ocrx_word' id='word_1_61' title='bbox 754 1651 1173 1730; x_wconf 63' lang='grc' dir='ltr'><strong><em>ΔιοΝΤΙΚΗΚΟΤΗΣΗ)</em></strong></span> 
     </span>
     <span class='ocr_line' id='line_1_13' title="bbox 393 1754 691 1815; baseline 0.01 -3"><span class='ocrx_word' id='word_1_62' title='bbox 393 1759 420 1813; x_wconf 81' lang='grc'><strong>4.</strong></span> <span class='ocrx_word' id='word_1_63' title='bbox 443 1754 480 1812; x_wconf 78' lang='lat' dir='ltr'><strong>sd</strong></span> <span class='ocrx_word' id='word_1_64' title='bbox 503 1756 563 1814; x_wconf 87' lang='lat'>111.</span> <span class='ocrx_word' id='word_1_65' title='bbox 588 1761 617 1815; x_wconf 82' lang='lat'><strong>3.</strong></span> <span class='ocrx_word' id='word_1_66' title='bbox 640 1761 691 1815; x_wconf 82' lang='lat'><strong>20.</strong></span> 
     </span>
     <span class='ocr_line' id='line_1_14' title="bbox 372 1854 1382 1934; baseline 0.004 -22"><span class='ocrx_word' id='word_1_67' title='bbox 372 1854 527 1916; x_wconf 88' lang='lat' dir='ltr'><strong>‘Omnibus</strong></span> <span class='ocrx_word' id='word_1_68' title='bbox 549 1857 635 1918; x_wconf 90' lang='lat' dir='ltr'><strong>uobis</strong></span> <span class='ocrx_word' id='word_1_69' title='bbox 657 1863 692 1917; x_wconf 94' lang='lat' dir='ltr'><strong>ut</strong></span> <span class='ocrx_word' id='word_1_70' title='bbox 713 1876 761 1917; x_wconf 82' lang='lat' dir='ltr'><strong>res</strong></span> <span class='ocrx_word' id='word_1_71' title='bbox 784 1858 856 1918; x_wconf 83' lang='lat' dir='ltr'><strong>dunt</strong></span> <span class='ocrx_word' id='word_1_72' title='bbox 878 1876 951 1930; x_wconf 89' lang='lat' dir='ltr'><strong>sese,</strong></span> <span class='ocrx_word' id='word_1_73' title='bbox 974 1858 1018 1917; x_wconf 81' lang='lat' dir='ltr'><strong>ite</strong></span> <span class='ocrx_word' id='word_1_74' title='bbox 1034 1858 1133 1931; x_wconf 79' lang='lat' dir='ltr'><strong>magni</strong></span> <span class='ocrx_word' id='word_1_75' title='bbox 1149 1859 1240 1934; x_wconf 82' lang='lat' dir='ltr'><strong>atque</strong></span> <span class='ocrx_word' id='word_1_76' title='bbox 1255 1857 1382 1916; x_wconf 81' lang='lat' dir='ltr'><strong>humiles</strong></span> 
     </span>
     <span class='ocr_line' id='line_1_15' title="bbox 1178 1957 1385 2018; baseline -0.005 0"><span class='ocrx_word' id='word_1_77' title='bbox 1178 1957 1296 2018; x_wconf 69' lang='lat' dir='ltr'><strong>sumus!</strong></span> <span class='ocrx_word' id='word_1_78' title='bbox 1380 1985 1385 2000; x_wconf 77' lang='lat'><em>=</em></span> 
     </span>
     <span class='ocr_line' id='line_1_16' title="bbox 306 2057 1075 2122; baseline 0.005 -6"><span class='ocrx_word' id='word_1_79' title='bbox 306 2057 433 2120; x_wconf 79' lang='lat' dir='ltr'><strong>Donat:</strong></span> <span class='ocrx_word' id='word_1_80' title='bbox 457 2061 541 2120; x_wconf 88' lang='lat' dir='ltr'><strong>‘Mire</strong></span> <span class='ocrx_word' id='word_1_81' title='bbox 564 2061 642 2122; x_wconf 86' lang='lat' dir='ltr'>dixit</span> <span class='ocrx_word' id='word_1_82' title='bbox 663 2063 754 2122; x_wconf 82' lang='lat' dir='ltr'><strong>“daut</strong></span> <span class='ocrx_word' id='word_1_83' title='bbox 776 2061 869 2121; x_wconf 86' lang='lat' dir='ltr'><strong>sese&#39;’.</strong></span> <span class='ocrx_word' id='word_1_84' title='bbox 912 2063 1075 2121; x_wconf 80' lang='lat' dir='ltr'><strong>Homerus:</strong></span> 
     </span>
     <span class='ocr_line' id='line_1_17' title="bbox 378 2156 1142 2242; baseline 0.004 -23"><span class='ocrx_word' id='word_1_85' title='bbox 378 2163 466 2231; x_wconf 62' lang='lat' dir='ltr'><strong>Totos·</strong></span> <span class='ocrx_word' id='word_1_86' title='bbox 487 2156 543 2241; x_wconf 74' lang='lat' dir='ltr'><strong>yolo</strong></span> <span class='ocrx_word' id='word_1_87' title='bbox 567 2158 637 2233; x_wconf 83' lang='grc' dir='ltr'>νόος</span> <span class='ocrx_word' id='word_1_88' title='bbox 659 2159 739 2222; x_wconf 76' lang='lat' dir='ltr'><strong>lotio</strong></span> <span class='ocrx_word' id='word_1_89' title='bbox 760 2161 942 2240; x_wconf 68' lang='grc' dir='ltr'><strong><em>δπιχθονίων</em></strong></span> <span class='ocrx_word' id='word_1_90' title='bbox 965 2156 1142 2242; x_wconf 67' lang='grc' dir='ltr'><strong>ἀνθρώπων</strong></span> 
     </span>
     <span class='ocr_line' id='line_1_18' title="bbox 376 2253 1212 2352; baseline 0 -30"><span class='ocrx_word' id='word_1_91' title='bbox 376 2256 451 2324; x_wconf 78' lang='lat' dir='ltr'><strong>Oloo</strong></span> <span class='ocrx_word' id='word_1_92' title='bbox 473 2256 519 2324; x_wconf 59' lang='grc' dir='ltr'><strong>ὑπ’</strong></span> <span class='ocrx_word' id='word_1_93' title='bbox 540 2253 621 2352; x_wconf 78' lang='grc' dir='ltr'><strong><em>ἦμαρ</em></strong></span> <span class='ocrx_word' id='word_1_94' title='bbox 644 2257 732 2344; x_wconf 66' lang='grc' dir='ltr'><strong><em>ἄγησι</em></strong></span> <span class='ocrx_word' id='word_1_95' title='bbox 755 2260 851 2345; x_wconf 69' lang='grc' dir='ltr'><strong><em>πατὴρ</em></strong></span> <span class='ocrx_word' id='word_1_96' title='bbox 874 2259 996 2345; x_wconf 73' lang='grc' dir='ltr'><em>ἀνδρῶν</em></span> <span class='ocrx_word' id='word_1_97' title='bbox 1018 2284 1048 2324; x_wconf 82' lang='grc' dir='ltr'><strong>τε</strong></span> <span class='ocrx_word' id='word_1_98' title='bbox 1071 2268 1152 2324; x_wconf 78' lang='grc' dir='ltr'><strong>θεῶν</strong></span> <span class='ocrx_word' id='word_1_99' title='bbox 1173 2283 1212 2323; x_wconf 84' lang='grc' dir='ltr'><strong>τε.</strong></span> 
     </span>
     <span class='ocr_line' id='line_1_19' title="bbox 307 2360 1380 2444; baseline 0 -18"><span class='ocrx_word' id='word_1_100' title='bbox 307 2367 365 2427; x_wconf 84' lang='lat' dir='ltr'><strong>Sed</strong></span> <span class='ocrx_word' id='word_1_101' title='bbox 394 2369 445 2429; x_wconf 89' lang='lat' dir='ltr'><strong>hio</strong></span> <span class='ocrx_word' id='word_1_102' title='bbox 472 2388 556 2428; x_wconf 87' lang='lat' dir='ltr'><strong>sese</strong></span> <span class='ocrx_word' id='word_1_103' title='bbox 585 2368 637 2428; x_wconf 93' lang='lat' dir='ltr'><strong>illo</strong></span> <span class='ocrx_word' id='word_1_104' title='bbox 665 2373 696 2429; x_wconf 90' lang='lat' dir='ltr'><strong>et</strong></span> <span class='ocrx_word' id='word_1_105' title='bbox 723 2369 852 2430; x_wconf 80' lang='lat' dir='ltr'><strong>validius</strong></span> <span class='ocrx_word' id='word_1_106' title='bbox 881 2370 973 2443; x_wconf 87' lang='lat' dir='ltr'>dixit,</span> <span class='ocrx_word' id='word_1_107' title='bbox 1008 2374 1039 2428; x_wconf 92' lang='lat' dir='ltr'><strong>et</strong></span> <span class='ocrx_word' id='word_1_108' title='bbox 1060 2372 1106 2427; x_wconf 90' lang='lat' dir='ltr'><strong>est</strong></span> <span class='ocrx_word' id='word_1_109' title='bbox 1133 2369 1205 2427; x_wconf 83' lang='lat' dir='ltr'><strong>hoeo</strong></span> <span class='ocrx_word' id='word_1_110' title='bbox 1232 2360 1380 2444; x_wconf 67' lang='lat' dir='ltr'><strong>nodotum}</strong></span> 
     </span>
     <span class='ocr_line' id='line_1_20' title="bbox 309 2471 726 2548; baseline 0.002 -18"><span class='ocrx_word' id='word_1_111' title='bbox 309 2471 466 2532; x_wconf 82' lang='lat' dir='ltr'><strong>sententio.</strong></span> <span class='ocrx_word' id='word_1_112' title='bbox 511 2471 726 2548; x_wconf 83' lang='lat' dir='ltr'><strong>Apollodorus:</strong></span> 
     </span>
    </p>
   </div>
   <div class='ocr_carea' id='block_1_3' title="bbox 308 2559 1383 3248">
    <p class='ocr_par' dir='ltr' id='par_1_3' title="bbox 308 2559 1383 3248">
     <span class='ocr_line' id='line_1_21' title="bbox 376 2559 1381 2650; baseline -0.001 -19"><span class='ocrx_word' id='word_1_113' title='bbox 376 2565 480 2641; x_wconf 75' lang='grc' dir='ltr'><strong><em>Οὕτως</em></strong></span> <span class='ocrx_word' id='word_1_114' title='bbox 501 2567 625 2642; x_wconf 68' lang='grc' dir='ltr'><strong><em>ἕκαστος</em></strong></span> <span class='ocrx_word' id='word_1_115' title='bbox 646 2567 697 2631; x_wconf 72' lang='lat' dir='ltr'><strong>diui</strong></span> <span class='ocrx_word' id='word_1_116' title='bbox 719 2565 755 2630; x_wconf 77' lang='lat' dir='ltr'><strong>soi</strong></span> <span class='ocrx_word' id='word_1_117' title='bbox 777 2564 938 2650; x_wconf 77' lang='grc' dir='ltr'><strong>πράγματα</strong></span> <span class='ocrx_word' id='word_1_118' title='bbox 961 2565 1067 2647; x_wconf 76' lang='grc' dir='ltr'><strong><em>σεμνδς</em></strong></span> <span class='ocrx_word' id='word_1_119' title='bbox 1089 2559 1127 2647; x_wconf 81' lang='grc' dir='ltr'><strong>ἦν</strong></span> <span class='ocrx_word' id='word_1_120' title='bbox 1149 2563 1381 2650; x_wconf 57' lang='grc' dir='ltr'><strong>ἢταπεινόξθ).</strong></span> 
     </span>
     <span class='ocr_line' id='line_1_22' title="bbox 397 2669 899 2754; baseline 0.002 -22"><span class='ocrx_word' id='word_1_121' title='bbox 397 2679 423 2733; x_wconf 83' lang='lat'><strong>5.</strong></span> <span class='ocrx_word' id='word_1_122' title='bbox 446 2675 483 2733; x_wconf 75' lang='lat' dir='ltr'><strong>ae</strong></span> <span class='ocrx_word' id='word_1_123' title='bbox 505 2675 564 2733; x_wconf 90' lang='lat'>111.</span> <span class='ocrx_word' id='word_1_124' title='bbox 589 2680 618 2734; x_wconf 87' lang='lat'><strong>4.</strong></span> <span class='ocrx_word' id='word_1_125' title='bbox 643 2679 741 2754; x_wconf 71' lang='lat' dir='ltr'><strong>eosq.</strong></span> <span class='ocrx_word' id='word_1_126' title='bbox 896 2669 899 2676; x_wconf 86' lang='grc'><strong>’</strong></span> 
     </span>
     <span class='ocr_line' id='line_1_23' title="bbox 374 2775 1171 2853; baseline 0.001 -18"><span class='ocrx_word' id='word_1_127' title='bbox 374 2777 517 2853; x_wconf 67' lang='lat' dir='ltr'><strong>‘Magnus</strong></span> <span class='ocrx_word' id='word_1_128' title='bbox 540 2775 731 2848; x_wconf 80' lang='lat' dir='ltr'><strong>rubicundus,</strong></span> <span class='ocrx_word' id='word_1_129' title='bbox 754 2776 878 2853; x_wconf 78' lang='lat' dir='ltr'><strong>crispus,</strong></span> <span class='ocrx_word' id='word_1_130' title='bbox 902 2795 1026 2850; x_wconf 78' lang='lat' dir='ltr'><strong>crassus,</strong></span> <span class='ocrx_word' id='word_1_131' title='bbox 1050 2777 1171 2851; x_wconf 84' lang='lat' dir='ltr'><strong>oaesius,</strong></span> 
     </span>
     <span class='ocr_line' id='line_1_24' title="bbox 373 2873 671 2939; baseline -0.003 -2"><span class='ocrx_word' id='word_1_132' title='bbox 373 2878 557 2939; x_wconf 77' lang='lat' dir='ltr'><strong>Cadaverosa</strong></span> <span class='ocrx_word' id='word_1_133' title='bbox 577 2873 671 2938; x_wconf 65' lang='lat' dir='ltr'><strong>faeie?</strong></span> 
     </span>
     <span class='ocr_line' id='line_1_25' title="bbox 308 2977 1383 3059; baseline 0 -19"><span class='ocrx_word' id='word_1_134' title='bbox 308 2982 433 3041; x_wconf 80' lang='lat' dir='ltr'><strong>Donat:</strong></span> <span class='ocrx_word' id='word_1_135' title='bbox 463 2981 614 3056; x_wconf 75' lang='lat' dir='ltr'><strong>‘Imperite</strong></span> <span class='ocrx_word' id='word_1_136' title='bbox 636 2980 807 3040; x_wconf 81' lang='lat' dir='ltr'><strong>Terentium</strong></span> <span class='ocrx_word' id='word_1_137' title='bbox 837 2982 873 3041; x_wconf 89' lang='lat' dir='ltr'><strong>de</strong></span> <span class='ocrx_word' id='word_1_138' title='bbox 904 2982 1044 3059; x_wconf 85' lang='lat' dir='ltr'><strong>Myoouio</strong></span> <span class='ocrx_word' id='word_1_139' title='bbox 1074 2977 1239 3058; x_wconf 80' lang='lat' dir='ltr'><strong>“crispum’&#39;</strong></span> <span class='ocrx_word' id='word_1_140' title='bbox 1272 2981 1383 3042; x_wconf 75' lang='lat' dir='ltr'><strong>dixisse</strong></span> 
     </span>
     <span class='ocr_line' id='line_1_26' title="bbox 309 3069 1382 3164; baseline -0.003 -20"><span class='ocrx_word' id='word_1_141' title='bbox 309 3086 402 3158; x_wconf 81' lang='lat' dir='ltr'><strong>aiunt,</strong></span> <span class='ocrx_word' id='word_1_142' title='bbox 426 3104 491 3147; x_wconf 80' lang='lat' dir='ltr'><strong>oum</strong></span> <span class='ocrx_word' id='word_1_143' title='bbox 506 3069 706 3160; x_wconf 77' lang='lat' dir='ltr'><strong>Apollodorus</strong></span> <span class='ocrx_word' id='word_1_144' title='bbox 729 3080 880 3144; x_wconf 77' lang='lat' dir='ltr'><strong>“calvum&#39;&#39;</strong></span> <span class='ocrx_word' id='word_1_145' title='bbox 904 3085 1024 3159; x_wconf 86' lang='lat' dir='ltr'><strong>dixerit,</strong></span> <span class='ocrx_word' id='word_1_146' title='bbox 1047 3085 1127 3164; x_wconf 91' lang='lat' dir='ltr'><strong>quod</strong></span> <span class='ocrx_word' id='word_1_147' title='bbox 1148 3085 1301 3161; x_wconf 86' lang='lat' dir='ltr'><strong>proprium</strong></span> <span class='ocrx_word' id='word_1_148' title='bbox 1316 3083 1382 3160; x_wconf 84' lang='lat' dir='ltr'><strong>My-</strong></span> 
     </span>
     <span class='ocr_line' id='line_1_27' title="bbox 310 3186 687 3248; baseline -0.008 0"><span class='ocrx_word' id='word_1_149' title='bbox 310 3188 393 3248; x_wconf 90' lang='lat' dir='ltr'><strong>oouis</strong></span> <span class='ocrx_word' id='word_1_150' title='bbox 415 3190 475 3246; x_wconf 88' lang='lat' dir='ltr'><strong>est:</strong></span> <span class='ocrx_word' id='word_1_151' title='bbox 497 3191 532 3247; x_wconf 89' lang='lat' dir='ltr'><strong>ut</strong></span> <span class='ocrx_word' id='word_1_152' title='bbox 553 3186 687 3246; x_wconf 80' lang='lat' dir='ltr'><strong>Lucilius</strong></span> 
     </span>
    </p>
   </div>
   <div class='ocr_carea' id='block_1_4' title="bbox 309 3307 513 3326">
    <p class='ocr_par' dir='ltr' id='par_1_4' title="bbox 309 3307 513 3326">
     <span class='ocr_line' id='line_1_28' title="bbox 309 3307 513 3326; baseline -0.005 -6"><span class='ocrx_word' id='word_1_153' title='bbox 309 3307 513 3326; x_wconf 43' lang='grc' dir='ltr'><strong>μ-</strong></span> 
     </span>
    </p>
   </div>
   <div class='ocr_carea' id='block_1_5' title="bbox 310 3366 1384 3940">
    <p class='ocr_par' dir='ltr' id='par_1_5' title="bbox 310 3366 1384 3940">
     <span class='ocr_line' id='line_1_29' title="bbox 380 3366 1381 3442; baseline -0.001 -19"><span class='ocrx_word' id='word_1_154' title='bbox 380 3373 405 3442; x_wconf 93' lang='lat'><strong>1)</strong></span> <span class='ocrx_word' id='word_1_155' title='bbox 424 3374 612 3423; x_wconf 86' lang='lat' dir='ltr'><strong>Westerhovius</strong></span> <span class='ocrx_word' id='word_1_156' title='bbox 636 3372 711 3421; x_wconf 75' lang='lat' dir='ltr'><strong>habet</strong></span> <span class='ocrx_word' id='word_1_157' title='bbox 734 3366 850 3437; x_wconf 66' lang='grc' dir='ltr'><strong>ἡγήσαιο</strong></span> <span class='ocrx_word' id='word_1_158' title='bbox 868 3370 944 3425; x_wconf 73' lang='lat' dir='ltr'><strong>titos.</strong></span> <span class='ocrx_word' id='word_1_159' title='bbox 979 3375 1101 3434; x_wconf 81' lang='lat' dir='ltr'><strong>Equidem</strong></span> <span class='ocrx_word' id='word_1_160' title='bbox 1119 3389 1174 3422; x_wconf 86' lang='lat' dir='ltr'><strong>oum</strong></span> <span class='ocrx_word' id='word_1_161' title='bbox 1191 3373 1317 3422; x_wconf 80' lang='lat' dir='ltr'><strong>lieiuekio</strong></span> <span class='ocrx_word' id='word_1_162' title='bbox 1334 3374 1381 3422; x_wconf 92' lang='lat' dir='ltr'><strong>l.l.</strong></span> 
     </span>
     <span class='ocr_line' id='line_1_30' title="bbox 310 3451 649 3523; baseline -0.024 -12"><span class='ocrx_word' id='word_1_163' title='bbox 310 3477 335 3523; x_wconf 87' lang='lat' dir='ltr'><strong>p.</strong></span> <span class='ocrx_word' id='word_1_164' title='bbox 346 3465 398 3511; x_wconf 78' lang='lat'><strong>445</strong></span> <span class='ocrx_word' id='word_1_165' title='bbox 415 3459 564 3509; x_wconf 83' lang='lat' dir='ltr'><strong>restituerim</strong></span> <span class='ocrx_word' id='word_1_166' title='bbox 580 3451 649 3523; x_wconf 70' lang='grc' dir='ltr'><strong>ἡγεῖ.</strong></span> 
     </span>
     <span class='ocr_line' id='line_1_31' title="bbox 367 3526 1094 3613; baseline -0.003 -19"><span class='ocrx_word' id='word_1_167' title='bbox 367 3526 404 3613; x_wconf 77' lang='lat'><strong>¹2)</strong></span> <span class='ocrx_word' id='word_1_168' title='bbox 423 3547 491 3594; x_wconf 70' lang='lat' dir='ltr'><strong>Haeo</strong></span> <span class='ocrx_word' id='word_1_169' title='bbox 508 3561 538 3594; x_wconf 88' lang='lat' dir='ltr'><strong>ex</strong></span> <span class='ocrx_word' id='word_1_170' title='bbox 555 3545 695 3594; x_wconf 80' lang='lat' dir='ltr'><strong>eonlsoturs</strong></span> <span class='ocrx_word' id='word_1_171' title='bbox 711 3545 746 3591; x_wconf 83' lang='lat' dir='ltr'><strong>its</strong></span> <span class='ocrx_word' id='word_1_172' title='bbox 763 3544 872 3592; x_wconf 81' lang='lat' dir='ltr'><strong>restituit</strong></span> <span class='ocrx_word' id='word_1_173' title='bbox 890 3544 1094 3593; x_wconf 85' lang='lat' dir='ltr'><strong>Westsrhovius:</strong></span> 
     </span>
     <span class='ocr_line' id='line_1_32' title="bbox 378 3625 1326 3691; baseline -0.004 -9"><span class='ocrx_word' id='word_1_174' title='bbox 378 3629 496 3682; x_wconf 89' lang='lat' dir='ltr'><strong>IIONOI</strong></span> <span class='ocrx_word' id='word_1_175' title='bbox 514 3629 591 3691; x_wconf 82' lang='grc' dir='ltr'><strong>ΓΑΡ,</strong></span> <span class='ocrx_word' id='word_1_176' title='bbox 609 3625 734 3682; x_wconf 82' lang='grc' dir='ltr'><strong>ΚΔΚΟΝ</strong></span> <span class='ocrx_word' id='word_1_177' title='bbox 752 3627 803 3679; x_wconf 81' lang='grc' dir='ltr'><strong>ΕΣ</strong></span> <span class='ocrx_word' id='word_1_178' title='bbox 821 3626 896 3679; x_wconf 90' lang='grc' dir='ltr'><strong>ΤΟΝ</strong></span> <span class='ocrx_word' id='word_1_179' title='bbox 915 3626 1065 3680; x_wconf 89' lang='lat' dir='ltr'>XPONON</span> <span class='ocrx_word' id='word_1_180' title='bbox 1084 3627 1157 3680; x_wconf 84' lang='grc' dir='ltr'><strong>ΟΥΚ</strong></span> <span class='ocrx_word' id='word_1_181' title='bbox 1175 3625 1326 3680; x_wconf 81' lang='grc' dir='ltr'>ΕΙΔΕΝΑΙ</span> 
     </span>
     <span class='ocr_line' id='line_1_33' title="bbox 967 3713 1179 3766; baseline 0 -2"><span class='ocrx_word' id='word_1_182' title='bbox 967 3713 1114 3766; x_wconf 79' lang='grc' dir='ltr'><strong>ΚΕΡΔΟΣ</strong></span> <span class='ocrx_word' id='word_1_183' title='bbox 1132 3713 1179 3765; x_wconf 90' lang='lat' dir='ltr'><strong>Tl.</strong></span> 
     </span>
     <span class='ocr_line' id='line_1_34' title="bbox 311 3801 1384 3864; baseline -0.006 -10"><span class='ocrx_word' id='word_1_184' title='bbox 311 3805 373 3854; x_wconf 77' lang='lat' dir='ltr'><strong>Cum</strong></span> <span class='ocrx_word' id='word_1_185' title='bbox 398 3818 446 3864; x_wconf 90' lang='lat' dir='ltr'><strong>quo</strong></span> <span class='ocrx_word' id='word_1_186' title='bbox 470 3804 505 3850; x_wconf 84' lang='lat' dir='ltr'><strong>its</strong></span> <span class='ocrx_word' id='word_1_187' title='bbox 528 3803 651 3863; x_wconf 86' lang='lat' dir='ltr'><strong>disoropst</strong></span> <span class='ocrx_word' id='word_1_188' title='bbox 667 3802 807 3850; x_wconf 77' lang='lat' dir='ltr'><strong>Msiuskius</strong></span> <span class='ocrx_word' id='word_1_189' title='bbox 827 3803 843 3849; x_wconf 85' lang='lat' dir='ltr'><strong>l.</strong></span> <span class='ocrx_word' id='word_1_190' title='bbox 858 3802 876 3850; x_wconf 89' lang='lat' dir='ltr'><strong>l.</strong></span> <span class='ocrx_word' id='word_1_191' title='bbox 895 3803 997 3862; x_wconf 60' lang='lat' dir='ltr'><strong>miso,</strong></span> <span class='ocrx_word' id='word_1_192' title='bbox 1025 3807 1052 3848; x_wconf 89' lang='lat' dir='ltr'><strong>ut</strong></span> <span class='ocrx_word' id='word_1_193' title='bbox 1069 3802 1111 3850; x_wconf 87' lang='lat' dir='ltr'><strong>vix</strong></span> <span class='ocrx_word' id='word_1_194' title='bbox 1130 3803 1234 3850; x_wconf 84' lang='lat' dir='ltr'><strong>eundem</strong></span> <span class='ocrx_word' id='word_1_195' title='bbox 1256 3801 1384 3858; x_wconf 76' lang='lat' dir='ltr'><strong>uti-iusque</strong></span> 
     </span>
     <span class='ocr_line' id='line_1_35' title="bbox 310 3889 828 3940; baseline -0.01 0"><span class='ocrx_word' id='word_1_196' title='bbox 310 3890 474 3940; x_wconf 74' lang='lat' dir='ltr'><strong>emendationi</strong></span> <span class='ocrx_word' id='word_1_197' title='bbox 491 3892 573 3937; x_wconf 79' lang='lat' dir='ltr'><strong>losum</strong></span> <span class='ocrx_word' id='word_1_198' title='bbox 589 3889 692 3938; x_wconf 83' lang='lat' dir='ltr'><strong>subesse</strong></span> <span class='ocrx_word' id='word_1_199' title='bbox 711 3903 828 3938; x_wconf 76' lang='lat' dir='ltr'><strong>consess:</strong></span> 
     </span>
    </p>
   </div>
   <div class='ocr_carea' id='block_1_6' title="bbox 346 3967 1342 4296">
    <p class='ocr_par' dir='ltr' id='par_1_6' title="bbox 346 3967 1342 4296">
     <span class='ocr_line' id='line_1_36' title="bbox 346 3967 1342 4026; baseline -0.007 0"><span class='ocrx_word' id='word_1_200' title='bbox 346 3975 383 4026; x_wconf 87' lang='lat'><strong>01</strong></span> <span class='ocrx_word' id='word_1_201' title='bbox 401 3971 470 4024; x_wconf 80' lang='lat' dir='ltr'><strong>I&#39;AP</strong></span> <span class='ocrx_word' id='word_1_202' title='bbox 490 3970 738 4024; x_wconf 78' lang='grc' dir='ltr'><strong>ΑΤΥΧΟΥΝΤΕΣ</strong></span> <span class='ocrx_word' id='word_1_203' title='bbox 756 3972 831 4025; x_wconf 92' lang='grc' dir='ltr'><strong>ΤΟΝ</strong></span> <span class='ocrx_word' id='word_1_204' title='bbox 849 3969 1000 4024; x_wconf 89' lang='lat' dir='ltr'>XPONON</span> <span class='ocrx_word' id='word_1_205' title='bbox 1019 3967 1342 4023; x_wconf 77' lang='grc' dir='ltr'><strong>ΔΙΕΥΤΥΧΗΚΟΤΕΣ.</strong></span> 
     </span>
     <span class='ocr_line' id='line_1_37' title="bbox 380 4059 984 4122; baseline -0.01 -11"><span class='ocrx_word' id='word_1_206' title='bbox 380 4064 407 4122; x_wconf 85' lang='lat' dir='ltr'><strong>s)</strong></span> <span class='ocrx_word' id='word_1_207' title='bbox 425 4060 532 4109; x_wconf 82' lang='lat' dir='ltr'><strong>Versum</strong></span> <span class='ocrx_word' id='word_1_208' title='bbox 549 4060 655 4109; x_wconf 84' lang='lat' dir='ltr'><strong>restituit</strong></span> <span class='ocrx_word' id='word_1_209' title='bbox 672 4061 810 4109; x_wconf 83' lang='lat' dir='ltr'><strong>Msinekius</strong></span> <span class='ocrx_word' id='word_1_210' title='bbox 827 4075 853 4120; x_wconf 88' lang='lat' dir='ltr'><strong>p.</strong></span> <span class='ocrx_word' id='word_1_211' title='bbox 866 4062 916 4108; x_wconf 74' lang='lat' dir='ltr'><strong>sto</strong></span> <span class='ocrx_word' id='word_1_212' title='bbox 934 4059 984 4106; x_wconf 83' lang='lat' dir='ltr'><strong>its:</strong></span> 
     </span>
     <span class='ocr_line' id='line_1_38' title="bbox 566 4138 1122 4209; baseline -0.002 -14"><span class='ocrx_word' id='word_1_213' title='bbox 566 4140 659 4204; x_wconf 78' lang='grc' dir='ltr'>Οὕτως</span> <span class='ocrx_word' id='word_1_214' title='bbox 676 4141 787 4203; x_wconf 70' lang='grc' dir='ltr'>ἔκαστός</span> <span class='ocrx_word' id='word_1_215' title='bbox 804 4141 858 4196; x_wconf 76' lang='grc' dir='ltr'>ἐστι</span> <span class='ocrx_word' id='word_1_216' title='bbox 876 4138 918 4198; x_wconf 83' lang='grc' dir='ltr'><strong>διὰ</strong></span> <span class='ocrx_word' id='word_1_217' title='bbox 934 4139 965 4194; x_wconf 81' lang='lat' dir='ltr'><strong>mi</strong></span> <span class='ocrx_word' id='word_1_218' title='bbox 984 4141 1122 4209; x_wconf 81' lang='grc' dir='ltr'>πράγματα</span> 
     </span>
     <span class='ocr_line' id='line_1_39' title="bbox 559 4221 893 4296; baseline -0.009 -14"><span class='ocrx_word' id='word_1_219' title='bbox 559 4222 602 4282; x_wconf 91' lang='grc' dir='ltr'><strong><em>Ἢ</em></strong></span> <span class='ocrx_word' id='word_1_220' title='bbox 621 4226 714 4296; x_wconf 75' lang='grc' dir='ltr'><strong>σεμνᾶς</strong></span> <span class='ocrx_word' id='word_1_221' title='bbox 730 4221 749 4296; x_wconf 70' lang='grc' dir='ltr'>ἦ</span> <span class='ocrx_word' id='word_1_222' title='bbox 767 4225 893 4288; x_wconf 76' lang='grc' dir='ltr'><strong>ταπεινός.</strong></span> 
     </span>
    </p>
   </div>
   <div class='ocr_carea' id='block_1_7' title="bbox 0 0 1650 4772">
    <p class='ocr_par' dir='ltr' id='par_1_7' title="bbox 0 0 1650 4772">
     <span class='ocr_line' id='line_1_40' title="bbox 0 0 1650 4772; baseline 0 0"><span class='ocrx_word' id='word_1_223' title='bbox 0 0 1650 4772; x_wconf 95' lang='lat' dir='ltr'><strong> </strong></span> 
     </span>
    </p>
   </div>
  </div>
 </body>
</html>
