3266 4772
696 446 890 510 ..9-

256 602 408 665 tiendum?
444 605 485 662 At
500 603 684 676 confidenter
706 603 742 662 de
757 606 922 662 ceterarum
943 602 1111 662 fabularum
1134 603 1251 679 origine
1266 623 1332 662 eum

258 707 356 766 dicere
381 725 472 782 supra
500 705 637 766 vidimus.
683 704 762 769 Quid
791 705 885 780 igitur
913 705 1112 785 relinquitur?
1156 707 1272 782 Nempe
1301 711 1336 765 ut

255 809 314 867 alia
334 808 451 868 ratione
473 809 609 867 Donatus
631 809 667 866 de
689 807 808 866 fabulae
831 808 948 883 origine
970 809 1080 869 certior
1102 807 1167 866 fieri
1190 807 1333 884 potuerit.

256 913 296 970 Et
316 930 388 971 vero
410 910 469 968 iam
491 928 578 968 nemo
602 910 732 982 dubitat,
763 910 837 988 quin
858 910 892 968 in
913 911 1149 986 praefationibus
1171 910 1335 969 scribendis

256 1012 433 1072 didascalice
448 1012 476 1070 ei
498 1016 616 1088 praesto
631 1011 753 1070 fuerint.
796 1012 975 1072 Laudandus
989 1012 1083 1088 igitur
1098 1013 1228 1071 maximo
1245 1031 1335 1088 opere

256 1115 423 1192 Geppertus
436 1112 478 1188 ¹),
509 1113 561 1191 qui
583 1113 697 1189 primus
720 1113 888 1172 didascaliis
910 1114 953 1174 eis
975 1114 1084 1193 quibus
1107 1115 1242 1173 Donatus
1264 1135 1335 1173 usus

256 1223 334 1276 esset
355 1216 487 1274 animum
502 1215 662 1274 advertens
683 1216 753 1274 inde
775 1215 850 1274 illud
874 1212 997 1276 ‘dicitur’
1020 1216 1144 1275 fluxisse
1167 1217 1335 1293 suspicatus

256 1324 309 1378 est.
352 1319 410 1377 Sed
433 1336 637 1395 comparemus
666 1336 716 1376 eas
744 1336 821 1396 quae
850 1319 887 1376 ad
909 1319 986 1378 hanc
1008 1317 1214 1397 quaestionem
1241 1319 1334 1395 perti-

256 1425 330 1481 nent
355 1419 574 1497 praefationum
596 1424 714 1495 partes:
746 1419 806 1478 iam
829 1419 901 1500 quid
924 1421 981 1479 sibi
1003 1421 1079 1484 velit
1101 1421 1267 1497 Geppertus
1288 1420 1334 1478 in·

256 1523 440 1597 tellegemus.

342 1624 482 1699 Legimur
512 1624 591 1683 onim
621 1624 658 1683 in
688 1624 944 1702 praefatione
972 1626 1017 1683 ad
1047 1625 1237 1684 Andriam
1266 1630 1331 1702 p.3

257 1727 387 1787 Beira:

245 1819 250 1830 '
341 1830 425 1887 ‘haec
446 1828 543 1906 prima
564 1829 644 1888 facta
666 1833 712 1888 est
815 1833 846 1888 et
867 1833 914 1887 est
936 1833 1001 1888 tota
1023 1825 1162 1889 Graeca’:
1182 1861 1227 1872 -

339 1931 410 1989 item
432 1929 464 1988 in
488 1932 608 2007 praef.
633 1931 676 1989 ad
700 1930 761 1989 Ad.
784 1936 906 2009 p.6sq.
928 1934 979 1991 lt:

343 2034 426 2091 ‘haec
448 2031 550 2091 fabula
572 2032 729 2109 Adelphos
751 2032 875 2110 palliata
905 2032 995 2109 (scil,
1019 2035 1099 2113 quod
1121 2039 1191 2113 post
1211 2035 1332 2111 profite-

257 2141 320 2207 tur,
347 2134 527 2212 Menandri).
550 2167 592 2179 -
614 2136 692 2194 hauc
715 2135 820 2195 dicunt
842 2156 881 2194 ex
902 2136 1091 2196 Terentianis
1113 2138 1243 2196 secundo
1265 2136 1331 2195 loco

254 2243 352 2297 actam
374 2231 439 2296 ...'
1124 2226 1126 2229 ¹

338 2340 371 2398 in
393 2339 516 2417 praef.
539 2339 584 2397 ad
606 2340 696 2399 Eun.
719 2361 748 2417 p.
769 2345 844 2419 9sq.
866 2343 918 2400 u:

340 2447 381 2501 ‘et
402 2446 448 2500 est
469 2440 593 2518 palliata
608 2442 768 2502 Menandri
783 2448 870 2502 vetus
885 2487 893 2502 .
910 2487 917 2502 .
935 2487 942 2502 .
962 2475 1003 2486 -
1025 2445 1100 2504 haec
1115 2445 1196 2503 edita
1210 2444 1330 2503 tertium

254 2550 300 2604 est
322 2589 329 2603 .
352 2589 358 2601 .
384 2544 400 2603 .’
661 2525 665 2534 ¹

339 2645 468 2726 denique
489 2645 521 2704 in
544 2647 666 2722 praef.
689 2648 734 2706 ad
757 2648 903 2707 Phorm.
926 2669 955 2726 p.
975 2652 1013 2708 14
1031 2653 1083 2710 u:

342 2749 430 2808 ‘hanc
460 2748 643 2808 comoediam
671 2750 864 2809 manifestum
892 2755 939 2809 est
967 2751 1052 2828 prius
1081 2755 1118 2811 ab
1147 2752 1330 2829 Apollodoro

254 2894 260 2907 .
289 2893 296 2909 .
328 2893 336 2909 .
368 2849 479 2908 Graece
514 2851 655 2928 scriptam
688 2871 753 2912 esse
783 2896 791 2911 .
823 2897 829 2910 .
860 2895 868 2912 .
898 2885 940 2896 -
972 2853 1112 2933 editaque
1144 2859 1191 2913 est
1224 2861 1330 2935 quarto

252 2951 319 3012 loco
341 2997 349 3014 .
372 2995 380 3010 .
404 2947 470 3030 3⁸).

324 3257 350 3323 1)
369 3244 453 3307 ncne
470 3259 510 3306 sis
528 3259 704 3307 Terentianum
721 3259 904 3308 necaonem.
934 3262 1027 3310 mene
1046 3263 1086 3310 aar
1102 3264 1190 3311 Pauor.
1209 3278 1232 3310 u.
1250 3266 1329 3312 ruas-

250 3347 335 3408 gogik.
354 3345 607 3406 Suppl.·Bd.XV111.
628 3349 702 3395 18⁵2.
722 3360 748 3406 p.
763 3347 813 3394 566
826 3361 881 3406 sqq.

322 3429 348 3495 2)
365 3431 556 3492 Adnotandum‚
574 3445 652 3492 prope
671 3446 686 3477 a
703 3431 797 3479 Donati
814 3433 919 3481 lectione
938 3434 1025 3483 abesse
1043 3450 1126 3483 earum
1144 3450 1205 3495 quas
1223 3451 1268 3484 nos
1286 3438 1329 3485 ha·

250 3517 337 3565 bemus
362 3517 551 3564 didascaliarum
577 3518 715 3564 lectionem.
752 3517 855 3577 Legitur
880 3521 946 3568 enim
970 3521 997 3567 in
1021 3522 1142 3569 Bembino
1161 3548 1194 3558 -
1213 3526 1239 3572 ut
1264 3523 1330 3570 hunc

251 3607 347 3651 tantam
364 3605 453 3650 testem
470 3603 572 3649 afferam
590 3628 623 3636 -
641 3603 667 3648 in
686 3603 762 3650 Eun.
782 3603 858 3650 did:

536 3686 632 3735 Graeca
649 3689 794 3736 Menandre.
830 3690 907 3738 Facta
924 3692 1040 3739 secunda.

250 3775 276 3821 in
294 3775 419 3821 Phorm.
437 3773 514 3820 did:

412 3858 508 3906 Graeca
524 3859 678 3919 Apollodoru
695 3860 923 3920 Epidicazomenon
958 3864 1035 3910 Facta
1053 3868 1090 3911 est
1108 3865 1160 3912 1111

249 3945 275 3991 in
295 3935 438 4005 Adelph.
457 3945 535 3992 cic:

577 4030 673 4078 Graeca
690 4033 834 4080 Menandre.
871 4035 948 4082 Facta
966 4035 1008 4082 Vl.

253 4117 343 4164 Errore
361 4118 454 4164 Donati
473 4117 519 4177 bis,
538 4117 563 4163 in
577 4118 688 4164 Andriae
707 4122 731 4165 et
744 4119 857 4180 Hecyrae
875 4122 1069 4179 praefationibus
1089 4122 1156 4169 ‘tota'
1174 4124 1278 4170 verbum
1296 4125 1327 4172 ad

251 4200 358 4248 ‘Graeca
375 4195 443 4266 (est)'
462 4203 549 4249 referri
567 4217 632 4249 nunc
650 4203 698 4250 iam
717 4204 781 4251 inter
799 4219 885 4253 omnes
904 4212 1007 4254 constat.
