3266 4772
584 479 868 556 ‚4³—

508 646 648 724 “Myconi
674 647 757 707 calva
780 651 876 706 omnis
898 645 1064 709 iuventus”.

238 750 324 808 Unde
339 750 427 809 etiam
445 749 637 825 proverbium
654 747 797 807 Graecum
820 743 1009 820 “Monoivsoc
1030 743 1209 830 φαὶυνρός”.
1253 755 1311 815 Sed

241 869 296 928 ego
319 851 490 911 Terentium
512 855 586 928 puto
609 851 752 910 scientem
774 852 898 912 facetius
921 854 1092 930 Myconium
1116 855 1244 933 crispum
1269 859 1312 916 di-

240 953 330 1013 xissc'
343 954 381 1030 ¹).

328 1057 468 1136 Denique
497 1057 656 1115 adnotatur
683 1057 717 1114 in
745 1056 856 1116 Donati
886 1059 1097 1118 commentario
1127 1061 1163 1119 ed
1193 1066 1248 1122 act
1277 1063 1313 1123 V.

241 1178 364 1219 scaenae
388 1164 416 1219 3.
439 1192 481 1202 -
502 1159 554 1217 nbi
579 1159 614 1217 de
636 1158 743 1219 vitiata
764 1160 882 1235 virgine
912 1165 1014 1220 namat
1034 1162 1159 1222 Bacchis
1190 1183 1207 1221 a
1228 1185 1256 1223 v.
1271 1170 1312 1232 24

241 1281 335 1340 usque
358 1263 394 1319 ad
416 1282 445 1320 v.
464 1266 502 1318 34
525 1293 565 1304 -
590 1282 619 1322 v.
637 1266 693 1319 25:

305 1363 458 1424 ‘Brevitati
474 1363 604 1422 consulit
618 1363 788 1423 Terentius:
811 1383 879 1422 nam
902 1365 933 1422 in
950 1363 1061 1424 Graeca
1082 1365 1155 1426 haec
1175 1373 1317 1442 aguntur,

242 1485 302 1550 non
324 1461 500 1526 narrantur?

330 1569 402 1626 (lum
424 1567 595 1625 iamdudum
620 1568 656 1625 de
677 1567 735 1626 hoc
757 1567 822 1626 loco
845 1568 967 1645 propria
990 1568 1063 1627 mihi
1086 1572 1232 1632 sententia
1248 1593 1317 1633 cou-

244 1677 345 1744 staret,
368 1669 537 1746 nuperrime
560 1670 591 1728 in
614 1670 728 1729 duabus
748 1669 1013 1745 dissertationibus,
1036 1672 1117 1730 Ihnii
1132 1677 1222 1754 atque
1238 1677 1316 1736 Koe-

244 1773 426 1852 nigh0ffi¹)‚
459 1772 548 1848 plane
578 1771 727 1832 diversum
757 1772 790 1830 in
820 1773 939 1831 modum
962 1774 998 1830 de
1028 1793 1063 1832 eo
1093 1776 1141 1850 agi
1170 1777 1317 1838 intellexi.

243 1879 318 1936 Nam
335 1875 441 1934 Ihnius
457 1875 573 1953 quidem
590 1874 731 1933 acerrime
745 1874 778 1932 in
794 1875 1016 1949 grammaticum
1030 1875 1176 1936 invehens
1198 1876 1317 1942 ‘Quint’

245 1981 287 2040 ait
317 1979 432 2037 ‘hocine
461 1974 622 2036 credibile?
666 1977 710 2034 Ea
742 1997 818 2056 quae
850 1983 919 2037 ante
951 1978 1052 2038 decem
1082 1999 1198 2040 menses
1227 1987 1258 2041 et
1285 1983 1318 2040 in

246 2084 331 2141 domo
361 2079 525 2139 meretricis
553 2079 631 2138 facta
659 2084 757 2151 sunts
774 2090 903 2154 aguntur
924 2079 956 2138 in
979 2079 1092 2140 Graeca
1110 2081 1226 2156 fabula,
1258 2104 1319 2143 non

137 2241 140 2250 ‚
245 2180 423 2245 narrantur?
466 2181 537 2240 Turn
561 2181 618 2240 hoc
639 2181 774 2258 ineptum
797 2187 843 2242 est
863 2186 898 2242 nt
919 2183 1020 2242 verbis
1040 2183 1073 2241 in
1096 2203 1132 2243 eo
1154 2185 1318 2245 refellendo

246 2305 367 2364 parcere
394 2282 500 2346 liceat'
551 2283 649 2347 Quare
678 2285 733 2343 has
762 2304 857 2361 nugas
885 2305 903 2343 a
929 2273 1050 2346 Donato
1079 2288 1228 2362 proiectas
1256 2307 1320 2349 esse

248 2409 361 2464 negans
383 2390 454 2447 duas
469 2388 578 2467 quibus
593 2388 672 2467 quod
695 2387 787 2447 sentit
804 2390 977 2464 comprobet
991 2407 1093 2449 causus
1114 2391 1245 2451 invenit:
1269 2394 1320 2451 sed

247 2492 279 2550 in
302 2497 428 2569 utraque
450 2509 517 2549 eum
539 2509 557 2548 a
578 2509 649 2550 vero
672 2491 824 2549 aberrasse
845 2492 925 2549 hand
944 2491 1065 2550 difficile
1087 2497 1133 2552 est
1153 2499 1321 2569 perspectu.

247 2595 379 2653 Primum
403 2593 522 2673 quidem
543 2592 704 2665 Donatum,
727 2612 791 2652 cum
814 2592 957 2652 scriberet
978 2595 1071 2653 verba

538 2696 687 2756 ‘brevitati
710 2695 839 2755 consulit
861 2691 1030 2754 Terentius'

248 2802 279 2859 id
295 2804 427 2860 secutum
444 2817 508 2858 esse
524 2804 636 2872 censet,
654 2803 689 2858 nt
710 2797 875 2858 ‘brevitatis
893 2798 1056 2857 studiosum
1074 2800 1202 2876 poetem'
1223 2805 1322 2860 osten·

249 2905 301 2963 dat
322 2906 390 2961 ‘non
413 2907 557 2962 moratum
580 2920 645 2961 esse
665 2901 698 2960 in
720 2901 758 2961 iis
780 2920 856 2981 quae
878 2900 977 2960 minus
998 2903 1166 2961 necessaria
1186 2902 1322 2977 fuissent,

250 3006 302 3065 sed
324 3005 423 3065 statim
437 3004 544 3064 fecisse
558 3004 743 3064 meretricem
758 3004 991 3079 interrogantem
1006 3005 1085 3064 unde
1100 3005 1221 3064 anulum
1236 3007 1323 3065 Pam-

321 3224 346 3294 1)
364 3228 441 3275 Recte
457 3225 586 3273 Donatus:
611 3226 647 3273 ita
663 3225 730 3272 enim
748 3223 827 3284 magis
845 3236 919 3282 quam
937 3223 1119 3272 inconsiderate
1137 3230 1162 3273 et
1177 3225 1324 3273 festinanter

251 3317 328 3364 verba
353 3313 500 3374 Pamphilus
524 3311 635 3360 effundat
658 3311 773 3358 cernitur.
808 3309 895 3367 Neque
919 3307 984 3355 hanc
1009 3311 1087 3358 solam
1112 3311 1325 3371 significationem,

252 3404 296 3451 sed
313 3406 408 3449 ceteras
426 3412 524 3459 quoque
542 3390 671 3458 ‘maguus’,
696 3386 871 3454 ‘rubicundus'‚
898 3388 1013 3442 ‘craesus’
1031 3409 1085 3444 eum
1103 3396 1129 3442 in
1147 3396 1246 3443 modum
1263 3398 1325 3444 acci·

252 3489 355 3551 piendas
377 3500 432 3534 esse
457 3498 553 3532 censeo.
591 3483 653 3531 Vide
671 3481 779 3529 bleinek.
798 3481 844 3528 l.l.
863 3480 897 3526 11.
915 3482 1068 3541 p.1'15sq.:
1094 3482 1222 3542 ‘Myconus
1245 3482 1327 3529 insula

253 3576 324 3625 exilis
342 3575 389 3622 tuit
405 3577 430 3621 ct
447 3571 593 3629 infecunda,
619 3569 684 3617 unde
705 3583 755 3615 uon
772 3567 861 3615 mirum
878 3570 915 3614 est
933 3567 1027 3615 incolas
1046 3568 1097 3615 eius
1115 3572 1232 3627 tanquam
1251 3569 1326 3616 fame-

253 3665 314 3712 licos
332 3667 356 3710 et
373 3661 510 3708 abonorum
528 3669 602 3717 opum
620 3659 764 3715 appetentes
781 3653 868 3700 irrisos
886 3666 949 3700 esse.
984 3653 1023 3699 Ite
1040 3653 1089 3701 iam
1107 3653 1269 3700 Archilochus
1280 3654 1326 3702 Pe·

253 3753 338 3800 rlclem
355 3746 479 3807 quendam
504 3733 614 3805 ἄκλητον
631 3735 765 3790 Μυκονίων
782 3735 856 3801 δίκην
881 3733 918 3793 εἰς
934 3732 966 3787 τὰ
985 3734 1115 3802 συμπόσια
1140 3735 1329 3789 εἰσιτιπαικέναι

254 3838 350 3886 dixerat
368 3866 375 3881 .
394 3867 401 3880 .
420 3868 426 3879 .
446 3863 452 3878 .
471 3830 502 3878 ot.
521 3827 593 3875 Phot.
611 3828 659 3874 lex.
675 3841 700 3886 p.
713 3828 772 3882 2⁹19,
793 3825 837 3872 15:
856 3817 983 3879 Μυκόνιυς
999 3818 1104 3886 γείτων·
1124 3815 1191 3887 αὕτη
1208 3818 1329 3874 τάττεται

255 3916 320 3974 κατὰ
343 3917 395 3971 τῶν
413 3909 621 3982 διαβεβλημένων
643 3907 685 3962 ἐπὶ
708 3904 873 3975 γλισχρότητι
897 3903 942 3957 καὶ
965 3905 1165 3974 σμικροτρειιείᾳ
1187 3903 1256 3972 παρὰ
1280 3903 1328 3972 τήν

192 4042 198 4054 ,
256 4002 415 4074 σμικρότητα
437 3999 485 4066 τῆς
510 3994 589 4064 νιίσιιυ
612 3996 662 4062 τῆς
678 3988 806 4053 Μύκωνυς
830 3988 970 4061 (Μυκόνου)
994 3989 1039 4043 καὶ
1063 3986 1198 4044 εὐτέλειαν.
1234 3993 1329 4053 Quibus

256 4094 347 4142 similia
363 4091 478 4149 leguntur
496 4086 563 4147 apud
579 4081 769 4144 proverbiorum
787 4071 936 4141 scriptores?

326 4173 351 4243 2)
369 4177 439 4234 Ihne‚
458 4172 614 4233 quaestiones
626 4169 789 4217 Terentianae
808 4181 833 4227 p.
846 4169 886 4215 23.
922 4163 1082 4223 Koenighoh',
1101 4163 1131 4211 ds
1148 4162 1244 4210 ntione
1256 4175 1329 4232 quam

257 4263 387 4314 Terentius
404 4261 430 4309 in
448 4259 539 4307 tabulis
559 4255 662 4304 Graecis
678 4255 754 4303 latine
771 4251 955 4301 conscribendis
974 4252 1073 4298 secutus
1091 4249 1124 4296 sit
1140 4263 1164 4308 p.
1179 4248 1220 4295 2⁹.

1081 4332 1128 4392 1*
