3266 4772
721 475 932 540 ,38-

292 651 351 689 non
381 628 498 690 desinit.
543 630 695 690 Eiusmodi
718 649 789 689 voro
816 631 1015 706 suspicionem
1038 651 1106 690 eum
1128 632 1186 692 nisi
1209 633 1366 692 iracundia

291 737 408 806 captum
431 749 468 790 ne
491 732 658 806 significare
681 731 799 812 quidem
822 733 954 807 potuisse
976 734 1040 809 ipse
1063 753 1098 792 so
1122 721 1261 807 ostendit,
1285 736 1365 814 quod

293 833 466 910 Myrrhinae
488 835 602 894 vorbis:
821 913 823 921 Α
908 845 912 850 ’

533 940 549 994 ‘.
572 979 579 996 .
604 981 610 994 .
633 937 716 996 Istuo
737 942 853 1013 patrem
874 955 979 1012 rogare
1000 943 1046 997 est
1066 935 1212 1018 aequom?

378 1037 474 1112 Perii:¹
503 1059 541 1097 ex
564 1058 623 1118 quo
646 1058 749 1098 oonses
778 1037 836 1098 nisi
865 1058 904 1096 ex
933 1039 985 1098 illo
1015 1040 1086 1119 quoi
1116 1040 1213 1099 datast
1241 1046 1366 1116 nuptum
1441 1105 1444 1114 Δ

1113 1143 1234 1201 obseoro
1243 1141 1269 1200 ?’
1281 1143 1308 1220 1)
1324 1177 1366 1188 -

293 1241 404 1301 lenitus
426 1242 525 1302 statim
547 1247 638 1321 atque
661 1243 813 1318 mitigatus
834 1244 891 1302 hoo
913 1245 1088 1319 respondet:

380 1343 499 1402 ‘Gredoz
522 1363 620 1422 nequo
642 1345 714 1403 adeo
738 1345 876 1403 arbitrari
899 1346 992 1420 patris
1015 1350 1060 1405 est
1083 1345 1228 1424 aliter'.²)

378 1447 487 1504 Postea
513 1465 585 1505 voro
608 1427 723 1504 Laohes
752 1446 858 1522 gaudio
889 1452 919 1506 et
946 1446 1062 1506 laetitia
1090 1448 1204 1524 oxoipit
1229 1455 1367 1525 nopotem

295 1552 384 1627 atque
407 1548 531 1608 salutat:

381 1651 480 1723 ‘Bene,
502 1651 545 1710 ita
567 1670 613 1708 mo
636 1651 664 1709 di
688 1655 796 1724 ament,
819 1651 953 1711 nuntias:
977 1655 1007 1710 et
1022 1635 1142 1726 'gaudeo

380 1753 490 1811 Natum
512 1751 595 1810 illum
619 1757 649 1811 et
670 1753 726 1814 tibi
746 1752 829 1812 illam
853 1748 989 1812 salvam':
1014 1785 1055 1796 -
1070 1752 1099 1830 ³)

296 1859 328 1914 ot
348 1873 450 1918 mozo

381 1956 480 2014 ‘Nulla
501 1955 565 2029 tibi,
589 1956 753 2032 Pamphile,
776 1956 825 2015 hio
847 1956 906 2014 iam
930 1957 1146 2018 consultatiost.

382 2060 434 2118 Pa.
457 2057 547 2116 Perii.
570 2057 621 2116 La.
651 2059 741 2117 Huno
763 2057 865 2118 videre
889 2078 977 2135 saepo
1000 2061 1173 2135 optabamus
1197 2061 1284 2134 diem,

380 2161 478 2224 Quom
500 2178 538 2219 ex
560 2165 590 2220 te
613 2165 691 2220 esset
713 2160 830 2240 aliquis,
855 2162 907 2240 qui
931 2167 961 2222 te
987 2161 1153 2238 appellaret
1174 2168 1305 2238 patrem:

386 2263 512 2324 Evenit:
533 2265 629 2323 habeo
653 2263 776 2338 gratiam
800 2261 903 2342 dis’.4)

297 2366 411 2426 Similia
440 2366 559 2446 quidem
588 2366 777 2442 aPhidippo
807 2366 999 2442 pronuntiato
1027 2387 1088 2425 non
1116 2372 1201 2427 sunt:
1223 2369 1274 2428 sed
1306 2389 1371 2428 oum

296 2470 333 2527 ad
356 2488 488 2541 uxorem,
512 2475 670 2548 postquam
692 2488 817 2544 puerum
839 2476 942 2528 natum
965 2489 1030 2528 esse
1052 2468 1153 2543 sensit,
1177 2472 1317 2531 ethaeo:

384 2573 498 2630 ‘Adeon
531 2571 679 2647 pervioaoi
712 2588 776 2630 esse
809 2572 924 2644 animo,
958 2577 991 2630 ut
1009 2591 1148 2647 ¹puerum
1180 2578 1372 2649 praeoptares

622 2665 624 2668 ¹
1115 2675 1222 2751 perire,

385 2777 434 2835 Ex
456 2795 515 2855 quo
538 2775 700 2835 firmiorem
723 2777 803 2836 inter
824 2795 879 2836 nos
900 2775 965 2835 foro
988 2776 1149 2837 amioitiam
1171 2779 1295 2854 posthac
1317 2777 1372 2838 soi·

1118 2875 1174 2939 res’
1187 2880 1216 2957 ⁶)
1239 2884 1294 2939 oto.
1316 2915 1358 2924 —

299 2989 331 3044 ot
359 2981 418 3042 alia
449 2981 593 3041 eiusmodi
623 2980 715 3053 dicat,
748 2981 875 3040 maxime
898 2981 1089 3057 conspicuum
1118 2986 1252 3041 osteum
1274 3000 1372 3061 nequo

298 3090 367 3161 post
387 3085 448 3144 ullo
472 3085 558 3142 modo
582 3084 617 3142 do
639 3087 724 3159 patro
746 3083 881 3144 dubitare
904 3088 935 3143 ot
952 3082 1113 3142 amioitiam
1135 3083 1372 3162 affinitatemque

298 3189 376 3252 velle
399 3183 578 3248 diuturnam.

317 3315 320 3320 ·
384 3291 490 3370 Itaque
506 3293 630 3361 constat,
653 3279 836 3365 Phidippum
851 3289 1072 3368 Laohetemqus
1093 3288 1126 3347 in
1142 3295 1230 3366 partu
1252 3289 1373 3349 minimo

300 3395 460 3455 offendero.
502 3391 540 3449 Id
562 3397 661 3466 autem
682 3391 748 3450 fiori
771 3411 830 3450 non
846 3391 954 3467 potuit,
977 3389 1002 3450 si
1018 3410 1145 3465 revera,
1167 3397 1202 3452 nt
1217 3393 1374 3468 Myrrhina

298 3497 360 3556 illis
381 3496 481 3557 verbis

385 3598 477 3670 ‘Tum
499 3601 656 3676 postquam
678 3598 714 3655 ad
736 3601 767 3656 te
788 3595 880 3676 venit,
903 3594 1014 3655 mensis
1035 3595 1134 3670 agitur
1154 3597 1203 3656 hio
1224 3597 1283 3655 iam
1307 3618 1373 3674 sep-

1117 3696 1225 3758 tumus'

299 3802 430 3861 indicare
452 3803 584 3877 videtur,
608 3822 661 3878 per
683 3807 796 3877 septem
819 3805 934 3860 tantum
958 3800 1102 3858 mensium
1125 3802 1252 3876 spatium
1274 3801 1373 3860 matri-

302 3905 401 3964 monio
418 3905 591 3980 Pamphilus
607 3905 841 3981 Philumenaque
863 3901 992 3960 fuissent
1013 3903 1172 3962 coniuncti.
1216 3903 1292 3961 Nam
1311 3909 1373 3963 tum
1481 3941 1485 3948 ·

372 4057 439 4124 ips,
460 4061 481 4116 1,
502 4061 532 4105 12
546 4073 582 4117 sq.
867 4053 892 4114 a)
910 4054 969 4102 ibin.
990 4057 1030 4101 ιι.

371 4144 396 4206 3)
415 4149 439 4203 4,
458 4148 481 4202 4,
501 4148 534 4192 20
546 4159 582 4203 sq.
864 4141 890 4203 4)
909 4139 968 4186 ibid.
989 4141 1098 4188 28-31.

371 4227 396 4298 5)
416 4233 439 4289 4,
462 4234 482 4289 ι,
502 4232 532 4277 17
546 4244 583 4289 sq.
