3266 4772
728 436 769 446 ..
814 401 941 466 20..

298 555 373 629 dem,
396 554 568 614 Terentium
585 554 841 614 oontaminatione
856 558 936 614 faeta
953 573 1140 632 eomparosse
1155 552 1211 612 sibi
1228 572 1370 631 personas

297 655 468 733 protetioas,
492 657 706 731 eognosoimus,
730 657 779 717 sed
803 653 1008 720 ‘extrinsecus'
1031 657 1079 718 vel
1102 661 1197 717 ‘extra
1212 675 1370 730 argumen-

299 754 371 816 tum'
394 778 444 817 eas
467 778 534 818 esse
554 760 753 837 ‘assumptas':
777 765 807 819 et
830 760 971 839 quoniam
999 779 1059 818 nen
1083 758 1227 817 salumin
1242 758 1371 836 Hecyra,
1470 801 1473 808 .

298 880 402 920 verum
425 861 515 920 etiam
537 861 569 919 in
593 860 709 920 Andria
738 862 782 920 ita
804 863 1000 923 ‘extrinsecus
1022 854 1191 938 assumpsit'
1213 859 1371 919 Terentius

298 982 440 1039 personas
470 963 645 1040 protetioas,
677 969 711 1022 ut
731 964 795 1042 ipse
818 983 868 1023 eas
890 965 1057 1037 invenerit,
1091 981 1191 1022 nonne
1220 961 1309 1021 etiam
1338 962 1370 1020 in

298 1065 480 1124 Phormione
503 1064 581 1126 Davi
611 1085 767 1143 personam
797 1087 863 1126 eum
892 1067 1043 1127 invenisse
1066 1065 1130 1127 veri
1152 1064 1310 1123 admodum
1332 1063 1371 1121 si·

300 1166 371 1226 milo
394 1165 462 1226 ost?
506 1166 586 1229 Quid
607 1167 702 1242 igitur
722 1169 857 1247 impedit,
880 1169 1038 1249 quominus
1054 1165 1233 1227 Dniatnkoni
1249 1165 1372 1244 eiusque

299 1267 410 1328 auotori
429 1268 560 1328 oblocuti
584 1289 700 1347 semper
721 1269 927 1330 invenisse
950 1269 1122 1329 Terentium
1144 1287 1287 1346 personas
1302 1287 1371 1345 pro·

299 1371 406 1431 tatioas
430 1371 663 1431 contendamus?
707 1372 763 1431 Sed
794 1372 932 1431 nolumus
963 1392 1017 1431 nos
1047 1371 1088 1429 ‘in
1118 1368 1268 1430 contraria
1297 1369 1372 1430 vitia

299 1469 436 1532 enrrero’.
481 1474 576 1533 Immo
599 1474 638 1533 sit
658 1474 808 1534 inoertum
829 1474 909 1533 unde
930 1474 1088 1533 Terentius
1110 1472 1187 1533 Davi
1211 1491 1371 1549 personam

299 1576 473 1653 sumpserit:
496 1582 652 1653 reputetur
674 1596 763 1653 porro
786 1575 826 1650 id,
850 1577 929 1655 quod
945 1581 1034 1653 poeta
1048 1575 1149 1634 Sosiae
1171 1593 1369 1651 personam

298 1682 414 1736 tantum
443 1678 576 1750 invenit,
607 1683 741 1755 partas
764 1679 828 1738 eius
849 1678 1005 1738 transtulit
1027 1698 1043 1737 e
1065 1677 1239 1737 Perinthia:
1270 1682 1368 1737 tamen

298 1785 378 1839 eerte
400 1781 458 1840 hoo
481 1781 558 1859 quod
581 1779 669 1840 initio
693 1779 842 1850 voluimus
857 1781 1058 1860 assequimur,

362 1882 400 1962 in
430 1883 502 1942 hoo
529 1883 705 1960 Heeyrae
736 1881 819 1941 loeo
851 1883 894 1940 de
927 1881 1265 1941 contaminatione
1295 1902 1369 1941 non

363 2004 444 2044 esso
467 1984 721 2059 cogitandum,

225 2102 228 2108 '
298 2089 355 2148 hoo
376 2107 449 2149 vero
471 2084 604 2163 insuper,

362 2190 655 2270 quibnronnque
679 2189 804 2250 verbis
824 2189 999 2248 Donatus
1022 2188 1064 2246 de
1086 2188 1261 2266 personis
1283 2208 1371 2266 pro·

365 2291 503 2351 tatiois
526 2291 643 2365 dieat,
666 2291 701 2349 id
724 2291 895 2371 relinqui
918 2310 1081 2369 prorsus
1103 2291 1293 2364 integrum
1314 2296 1372 2351 at·

365 2414 435 2473 que
455 2395 662 2467 incertum,
685 2395 943 2471 sumpseritne
964 2398 1079 2471 poeta
1101 2413 1163 2453 eas
1186 2413 1203 2451 e
1226 2389 1370 2452 Graeoo

365 2494 572 2573 exemplari
595 2496 657 2556 vel
679 2515 724 2555 ex
740 2496 867 2556 altera
883 2496 1041 2576 quadam
1058 2495 1206 2569 fabula,
1230 2514 1275 2555 an
1292 2495 1373 2573 ipse

364 2617 427 2657 aas
449 2596 700 2675 invenerit1).

300 2699 444 2760 Similiter
466 2701 502 2759 de
524 2699 619 2759 altero
642 2698 708 2759 loeo
730 2699 922 2760 iudioandum
944 2720 1009 2761 esse
1024 2700 1201 2762 videbimus.
1246 2699 1291 2758 De
1315 2717 1373 2778 quo

300 2802 446 2862 Daiatalro
468 2803 543 2862 haee
565 2808 682 2862 monet:
1334 2785 1338 2792 ¹

385 2909 518 2977 „ausser
539 2904 606 2963 dem
627 2904 750 2978 Anfang
770 2905 823 2963 der
844 2906 965 2983 Heoyra
991 2905 1074 2980 giebt
1105 2924 1136 2964 es
1164 2904 1279 2963 moiner
1299 2902 1374 2963 Mei·

302 3027 387 3082 nung
410 3007 488 3068 naeh
516 3025 574 3064 nur
595 3007 676 3066 nooh
698 3006 764 3065 aine
786 3006 892 3081 Stelle,
924 3007 972 3066 bei
996 3008 1109 3067 deren
1132 3007 1199 3066 eine
1221 3005 1373 3066 Contami-

303 3109 406 3169 nation
429 3107 558 3184 godaoht
578 3109 700 3170 werden
722 3108 818 3184 kann,
842 3110 899 3183 111,
917 3115 945 3183 4,
963 3111 1075 3168 1-15.
1119 3109 1219 3168 Donat
1239 3108 1375 3167 bemerkt

305 3211 438 3272 ndmlieh
460 3230 498 3270 nu
520 3209 628 3270 Versl
652 3210 835 3285 Folgendert

388 3313 467 3373 ‘Alia
488 3318 533 3372 est
555 3312 632 3372 ratio
655 3313 803 3372 currentis
825 3315 863 3374 ad
885 3316 1074 3388 argumenta,
1103 3312 1162 3372 elia
1184 3318 1303 3374 aetuum
1326 3332 1375 3373 oo·

303 3417 447 3477 minorum
471 3459 478 3474 .
501 3461 509 3477 .
533 3459 540 3474 .
563 3434 632 3474 nam
659 3415 691 3474 in
714 3416 772 3475 hae
793 3434 901 3475 soaena
922 3416 1017 3474 donee
1046 3414 1203 3493 perveniat
1227 3415 1264 3473 ad
1288 3416 1374 3474 Pom·

302 3519 419 3597 philam
440 3519 596 3589 Parmeno,
618 3519 677 3576 hoo
700 3510 816 3594 εὕρημα
837 3518 1005 3591 indueitnr,
1028 3536 1095 3577 eum
1117 3518 1176 3577 hoo
1198 3517 1374 3591 ostenditur,

304 3620 375 3700 quid
398 3620 468 3680 mali
493 3619 533 3678 sit
553 3617 726 3694 navigatio)

387 3722 448 3795 „Es
470 3723 591 3784 werden
613 3720 676 3780 also
701 3726 738 3780 15
762 3721 857 3782 Verre
884 3721 930 3781 als
952 3713 1068 3800 εὕρημα
1097 3722 1148 3781 des
1170 3723 1284 3782 Terenn
1307 3722 1375 3781 hin-

207 3853 209 3858 ·
303 3822 430 3899 gestellt.
475 3821 552 3882 Dass
574 3825 647 3883 aber
667 3822 699 3882 in
719 3825 821 3898 jenem
835 3815 1025 3883 Gemmantes
1047 3822 1190 3885 Monohes
1213 3824 1257 3884 als
1276 3825 1375 3885 Erfln·

336 4002 339 4008 ‚
374 3974 398 4043 1)
417 3976 531 4024 Ceterum
548 3975 696 4036 Ladawigns
713 3989 762 4024 non
781 3975 811 4024 de
830 3977 945 4025 Terentio
963 3980 1075 4034 tantum,
1102 3977 1147 4026 aed
1172 3979 1203 4025 do
1227 3977 1376 4027 omnibus

303 4065 470 4112 Romanorum
486 4060 566 4122 poetis
583 4061 682 4108 oemiols
700 4061 815 4120 loquitur.
850 4061 898 4109 Sed
916 4062 941 4109 id
954 4062 1092 4122 disceptare
1110 4062 1183 4112 huius
1201 4063 1249 4111 looi
1260 4076 1310 4110 non
1323 4068 1375 4112 ast:

304 4151 334 4197 de
352 4148 468 4202 Terentio
486 4161 543 4196 eum
561 4160 644 4195 errare
661 4146 777 4196 vidimus,
