3266 4772
639 431 947 525 .-1o-

390 589 432 646 At
459 588 528 648 vide
555 589 756 668 quid'exetet
781 588 814 646 iu
843 588 1096 665 praefatione
1127 590 1171 648 ad
1202 589 1380 668 Hecyrae

304 693 630 750 commentarium
652 711 681 768 p.
703 686 738 748 12'
761 689 897 750 Reift:

393 789 588 868 ‘[ldodulatua
603 803 649 853 est
664 812 729 852 eam
743 791 868 851 Flanona
883 792 1022 853 (ilaudina
1044 793 1128 853 tibiia
1148 785 1294 872 paribus]
1316 799 1381 853 tota

305 893 419 953 Graeoa
441 895 521 954 taeta
542 901 589 956 ent
610 901 641 955 et
662 894 743 954 edita
765 895 872 975 quinto
894 892 978 955 loeo!

393 997 472 1062 Quid
495 997 594 1056 euim?
616 997 660 1056 ait
674 997 850 1074 Geppertua.
895 1000 1003 1058 Nonne
1017 999 1050 1057 in
1066 998 1203 1058 omnibus
1218 998 1379 1075 praefatio·

306 1099 399 1157 nibus
421 1101 545 1159 verbum
569 1097 665 1158 ‘faeta'
694 1099 757 1158 sive
785 1095 869 1158 ‘aeta’
891 1101 928 1158 ad
951 1120 1107 1160 numerum
1129 1106 1264 1178 speetare
1286 1101 1381 1171 mani<

304 1203 415 1260 tastum
438 1200 504 1261 eet?
547 1201 608 1259 Hie
629 1212 702 1260 vero
730 1203 861 1262 refertur
887 1203 925 1261 ad
954 1198 1083 1262 ‘Graeca'
1104 1199 1165 1263 est'.
1209 1203 1297 1263 Itane
1319 1203 1380 1262 Do·

305 1310 408 1364 uatum
429 1323 478 1364 res
501 1303 634 1364 diversae
657 1303 846 1364 oonfudiase?
890 1304 1015 1365 Minime
1044 1325 1127 1366 vero.
1171 1305 1251 1371 Quid
1274 1304 1298 1364 ai
1321 1306 1379 1364 hoo

305 1406 337 1464 in
361 1406 425 1464 eius
446 1405 524 1465 libre
547 1405 691 1483 seriptum
712 1406 786 1466 fuit:
914 1479 918 1482 ,

392 1509 505 1568 ‘Medos
528 1508 601 1569 feeit
623 1507 748 1568 Flaooua
770 1508 884 1570 Claudi.
901 1508 990 1580 ‚tibiis
1012 1509 1136 1586 paribus
1157 1515 1230 1570 tota.
1264 1509 1379 1569 Graeoa

305 1652 409 1671 .....
432 1611 526 1670 Faeta
547 1616 593 1670 eat
615 1618 645 1671 et
667 1612 748 1670 edita
771 1606 814 1671 V.’
838 1609 898 1670 -ἓ
929 1609 1009 1670 Hine
1030 1611 1104 1670 illud
1128 1609 1271 1673 ‘dieitur'i
1302 1613 1378 1670 Nam
1423 1673 1426 1679 ,

307 1731 486 1792 quamquam
508 1714 539 1772 in
564 1713 725 1773 didaaealia
745 1715 851 1791 poetae
873 1731 981 1771 nemon
1010 1732 1071 1772 non
1094 1716 1247 1788 exstabat,
1280 1713 1379 1791 ipsam

304 1815 455 1874 Donatum
478 1817 514 1874 de
538 1817 659 1893 Heeyra
687 1816 724 1873 ab
747 1813 931 1892 Apollodoro
958 1815 1038 1874 faeta
1066 1815 1203 1875 dubitare
1236 1827 1297 1874 non
1326 1803 1385 1893 po·v

306 1918 400 1977 tuiaae
424 1938 458 1977 eo
483 1917 648 1991 colligitur,
680 1917 759 1996 quod
781 1917 844 1994 ipse
868 1914 985 1994 saepius
1007 1917 1039 1988 in
1063 1916 1276 1977 commentario
1298 1917 1379 1977 loooa

305 2040 344 2080 ex
366 2019 448 2079 illius
470 2019 580 2092 fabula,
603 2019 762 2078 manifesta
783 2017 963 2092 testimonia,
986 2019 1082 2078 affert.

391 2121 448 2180 Sed
471 2122 668 2198 improbanda
690 2119 811 2181 omuino
834 2125 888 2193 eat,
911 2120 1023 2199 siquid
1047 2102 1202 2200 sentimur,¹
1222 2125 1286 2182 tota
1302 2123 1379 2200 Gep-

305 2223 382 2302 perti
407 2224 635 2298 argumentatio.
679 2223 833 2299 Priueipio
852 2224 1012 2296 Donatum,
1036 2223 1143 2296 virum,
1166 2230 1200 2282 ut
1223 2243 1313 2301 aupra
1335 2225 1380 2282 di·
1466 2277 1470 2282 .

304 2327 412 2400 ximus,
436 2327 572 2386 acerrimi
596 2326 698 2385 iudicii
722 2325 1021 2406 elegantissimaeque
1043 2327 1214 2400 doetrinae,
1239 2328 1312 2386 adeo
1336 2327 1378 2386 di·

305 2448 393 2490 veraa
414 2429 567 2489 mieauiaae
589 2430 711 2488 minime
729 2428 884 2507 probabile
899 2428 1026 2516 videtur.
1070 2430 1128 2489 Sed
1144 2430 1299 2489 misouerit
1313 2435 1379 2488 tan·

306 2531 373 2590 dem
396 2536 427 2590 et
448 2532 633 2593 aberraverit
662 2551 772 2592 avere
802 2531 878 2590 miro
903 2534 934 2588 et
953 2529 1089 2591 inaudito
1119 2533 1221 2592 modo:
1252 2531 1324 2611 quid
1345 2537 1379 2590 ut

306 2631 508 2707 signiticaret?
552 2637 637 2707 Eum,
660 2634 712 2714 qui
729 2633 920 2692 didaeoaliam
943 2633 1121 2711 deripuisset,
1143 2635 1179 2694 de
1195 2653 1278 2694 earo
1293 2633 1378 2693 dubi-

306 2733 391 2795 tare?
435 2735 578 2794 Minime:
611 2731 681 2794 nam
710 2739 811 2794 utrum
842 2734 977 2795 eonaulto
1007 2755 1046 2796 an
1070 2756 1139 2797 eam
1167 2737 1219 2796 ille
1248 2735 1378 2796 auotoria

307 2858 416 2897 nomen
447 2838 611 2911 omiaiaaet,
645 2841 709 2896 erat
739 2837 879 2896 nimirum
910 2837 1067 2898 inoertum.
1111 2839 1168 2898 Sed
1196 2839 1222 2898 ei
1250 2838 1378 2898 bouvel

306 2941 434 3001 maxime
450 2945 607 3013 eonataret,
633 2940 711 3018 quod
735 2939 857 2998 minime
879 2939 1034 3016 probabile
1049 2940 1177 3014 videtur,
1201 2941 1226 3000 ei
1242 2942 1378 3000 Donatus

305 3044 399 3118 igitur
428 3044 481 3102 illo
511 3043 640 3102 ‘dieitur'
670 3041 806 3102 dubitare
835 3041 921 3102 illum
949 3041 998 3102 vel
1026 3043 1100 3104 alioa
1130 3044 1166 3102 do
1193 3040 1378 3121 Apollodoro

307 3146 477 3220 signifieare
499 3136 659 3218 voluis'aet,
690 3144 734 3202 ita
755 3145 818 3204 fere
841 3143 941 3204 dioero
961 3145 1082 3205 debuit:
1114 3145 1236 3205 ‘Graeea
1258 3144 1379 3222 Hecyra

307 3269 377 3308 num
400 3248 441 3307 ait
456 3246 630 3325 Apollodori
654 3254 725 3307 sunt
748 3246 799 3326 qui
821 3245 979 3308 dubitent'
1023 3247 1134 3308 Verum
1156 3247 1221 3324 ipae
1242 3247 1379 3306 Donatus

308 3373 375 3412 aum
399 3351 475 3410 alios
490 3349 672 3428 Apollodoro
696 3349 827 3409 tabulam
849 3348 1029 3422 abiudicata,
1051 3349 1125 3409 aliea
1141 3348 1304 3409 attribuere
1319 3353 1379 3408 tra·

307 3456 373 3529 dat,
404 3455 440 3514 de
464 3473 495 3512 ae
516 3453 560 3511 ita
582 3455 673 3524 taeet,
704 3457 738 3510 ut
765 3453 902 3512 dubitare
923 3451 1070 3510 videatur.
1115 3455 1157 3510 At
1179 3471 1237 3530 quo
1259 3452 1379 3511 tandem

306 3559 393 3616 modo
416 3557 468 3614 ille
489 3554 588 3634 potuit
610 3555 755 3626 dubitare,
778 3553 828 3633 qui
851 3553 933 3630 ipae,
957 3553 1021 3615 eive
1044 3572 1082 3616 ex
1103 3553 1280 3629 Apollodori
1301 3553 1379 3614 libro

307 3661 370 3720 sive
393 3680 432 3719 ex
453 3658 580 3717 aliorum
603 3655 823 3716 eommentariia
842 3675 917 3736 quoa
939 3654 1028 3714 affert
1049 3655 1130 3714 loeoa
1146 3655 1379 3734 deprompserat,

305 3762 370 3839 ipae
393 3761 458 3820 dieo
481 3758 663 3818 oertiaoimus
687 3765 750 3818 erat
772 3757 879 3818 teatin?
902 3791 943 3803 -

390 3862 530 3941 Denique
558 3861 666 3920 falsum
695 3881 758 3921 osae
787 3861 818 3918 id
842 3879 960 3939 queque
990 3857 1023 3916 in
1046 3877 1105 3936 quo
1128 3857 1270 3937 Gepporti
1293 3879 1381 3934 argu·

307 3964 451 4028 mentatio
474 3963 559 4042 quasi
583 3965 713 4035 nitatur,
744 3963 847 4041 pauoia
869 3979 1026 4040 possumus
1049 3960 1214 4021 ostendere.
1259 3961 1381 4019 Etenim

309 4070 333 4128 ai
357 4071 493 4128 aeourate
516 4065 626 4124 Donati
650 4064 852 4142 praefationes
875 4063 1125 4140 oontemplamur,
1154 4063 1233 4122 haud
1257 4061 1380 4122 difficile

307 4177 353 4231 eat
381 4173 556 4251 perspeotu,
588 4171 700 4226 eertum
731 4167 878 4248 quendam
906 4165 1040 4225 ordinem
1071 4183 1137 4223 eum
1167 4183 1288 4225 servare
1320 4185 1380 4224 non
