3266 4772
747 413 959 478 -30..

404 573 543 630 Maxume
565 569 634 631 volo
657 570 755 649 doque
770 587 899 646 operam,
922 575 956 630 ut
977 569 1050 630 olam
1074 569 1194 631 eveniat
1215 573 1318 646 partus
1340 589 1392 648 pa·

1135 676 1212 732 mm

404 776 504 853 Atqm
527 774 600 833 adeo
623 774 729 833 omnis.
763 774 814 834 sed
838 774 863 833 si
885 773 915 832 id
937 773 1002 833 fieri
1025 792 1084 832 non
1107 778 1207 850 potest
1229 775 1303 854 quin
1326 793 1391 834 sen-

1136 876 1222 950 tiant,

403 980 507 1040 Dicam
529 981 665 1038 abortum
688 997 767 1038 esse:
800 979 860 1038 scio
883 978 996 1037 nemini
1018 978 1106 1038 aliter
1127 983 1297 1054 suspectum
1319 979 1391 1052 fore,

405 1081 493 1156 Quin,
518 1083 596 1161 quod
612 1081 677 1141 veri
692 1081 825 1154 similest,
849 1101 887 1140 ex
909 1087 940 1140 te
962 1086 1042 1158 ¹recte
1064 1101 1131 1140 eum
1153 1086 1254 1142 natum
1276 1088 1392 1159 putent.

405 1185 552 1245 Continuo
569 1188 752 1259 exponetur:
773 1184 825 1243 hio
839 1184 894 1244 tibi
912 1184 956 1242 nil
972 1191 1018 1243 est
1033 1184 1190 1263 quicquam
1205 1183 1392 1256 incommodi,

403 1287 444 1346 Et
464 1286 509 1346 illi
532 1287 656 1347 miserae
678 1285 801 1361 indigne
822 1287 930 1346 factam
952 1269 1091 1344 iniuriam
1115 1283 1300 1346 contexeris'.
1314 1285 1341 1363 ¹)
1391 1309 1394 1314 ·

318 1391 355 1449 Iu
376 1390 424 1449 his
445 1389 581 1449 versibus
601 1387 660 1448 viri
683 1387 762 1448 docti
784 1389 954 1447 iamdudum
976 1389 1105 1446 maxime
1128 1389 1324 1447 offenderunt.

403 1490 614 1568 Pielitzius²)‚
645 1490 698 1569 qui
727 1491 842 1567 primus
871 1490 947 1550 bano
969 1491 1173 1568 quaestionem
1200 1489 1346 1560 instituit,
1375 1507 1394 1546 a

318 1614 421 1656 versus
439 1599 478 1652 33
500 1596 593 1655 verbo
615 1593 724 1654 aiunt
745 1593 952 1669 proficiscitur,
972 1594 1054 1672 quod
1077 1612 1135 1672 quo
1159 1593 1310 1668 pertineat
1331 1611 1392 1648 nou

319 1703 453 1757 accurate
476 1696 614 1772 cognosci
637 1701 749 1756 censet.
792 1695 848 1754 Sed
871 1695 918 1755 vir
940 1697 1059 1768 doetus,
1094 1715 1160 1754 cum
1181 1713 1290 1769 urgens
1319 1693 1393 1751 illud

320 1804 397 1875 ‘post
420 1800 534 1857 duobus
556 1841 586 1857 ..
612 1794 769 1857 mensibus’
793 1799 1008 1856 Parmenonem
1030 1797 1061 1855 id
1083 1777 1199 1856 tantum
1221 1796 1305 1870 scire,
1328 1797 1394 1854 abs·

318 1901 442 1962 tinuisse
465 1899 653 1975 Pamphilum
679 1899 797 1959 initio
822 1919 932 1971 uxore,
955 1899 1069 1958 nescire
1096 1919 1183 1971 vero,
1213 1917 1277 1974 per
1304 1899 1393 1956 duo-

318 1991 397 2062 rum
419 2002 605 2060 mensium
628 2001 795 2078 spatium
818 2021 885 2060 eum
908 1991 1089 2061 abstinuisse
1109 2001 1283 2073 contendat,
1306 1999 1394 2060 nimis

320 2104 480 2179 diligenter
502 2103 587 2182 quasi
610 2103 740 2162 aurificis
762 2108 873 2164 statera
895 2103 1066 2164 examinare
1087 2105 1180 2163 verba
1201 2101 1332 2162 Terentii
1352 2103 1395 2160 vi-

320 2209 413 2266 detur.
457 2206 552 2264 Immo
577 2185 726 2266 *rationem
755 2205 901 2266 habentes
931 2224 1032 2265 eorum
1061 2205 1093 2264 in
1123 2205 1223 2264 fabula
1253 2205 1394 2279 locorum,

321 2308 428 2389 quibus
459 2309 607 2367 conscium
642 2327 706 2368 esse
737 2311 954 2368 Parmenonem
986 2309 1021 2368 de
1052 2307 1212 2368 concubitu
1242 2306 1394 2386 aliquanto

320 2415 389 2486 post
409 2411 529 2487 nuptias
549 2410 629 2478 facto
649 2410 862 2489 ostenditurll),
885 2411 928 2471 sio
949 2411 1154 2482 iudicabimus,
1177 2414 1303 2486 poetam,
1328 2428 1394 2467 cum

321 2512 433 2572 diceret
461 2512 578 2585 ‘aiunt’,
609 2513 793 2572 intellexisse
822 2513 1029 2572 Philumenam
1058 2517 1148 2591 atqua
1170 2512 1393 2570 Parmenonem.

322 2611 519 2676 Quamobrem
549 2615 605 2674 hac
635 2633 712 2676 nova
740 2634 844 2675 versus
871 2615 982 2688 forma,
1014 2634 1102 2694 quam
1124 2615 1172 2675 vir
1193 2614 1296 2673 doctus
1323 2614 1395 2672 satis

320 2716 460 2775 audacter
481 2716 635 2793 procudit:

407 2818 490 2876 ‘Nam
514 2818 556 2878 ait
575 2821 672 2878 tecum
696 2823 764 2893 post
786 2819 899 2879 duobus
921 2820 1116 2880 concubuisse
1137 2815 1297 2879 mensibus'

322 2939 396 2996 opus
418 2919 538 2978 omnino
561 2939 621 2978 non
644 2927 706 2980 est:
736 2922 808 2999 quin
832 2922 920 2981 etiam
943 2922 973 2980 id
997 2927 1100 2982 contra
1122 2941 1244 2996 moneo,
1275 2920 1393 2997 neglegi

323 3023 374 3096 sio,
397 3023 476 3101 quod
498 3023 645 3081 Parmeno
669 3041 788 3101 quoque
810 3024 946 3083 conscius
968 3029 1021 3084 est.

407 3127 500 3185 Porro
521 3123 678 3185 Fielitaius
698 3145 817 3186 versum
840 3131 908 3187 34.:

408 3227 505 3301 ‘Tum
527 3231 684 3307 postquam
707 3229 744 3287 ad
767 3229 903 3303 tovenit,
925 3229 1036 3290 mensis
1057 3230 1157 3306 egium
1177 3230 1226 3290 hic
1247 3230 1306 3288 iam
1329 3247 1394 3304 sep·

1136 3329 1244 3393 tumus'

320 3435 358 3495 ad
380 3438 545 3510 temporum
567 3432 712 3492 rationem
734 3433 940 3509 explicandam
962 3435 1173 3511 interpositum
1195 3455 1260 3496 esse
1277 3437 1371 3495 docet.

407 3538 449 3595 at
469 3536 544 3595 haec
564 3533 721 3612 Myrrhina
743 3537 873 3611 profert:

407 3636 575 3713 primum:
597 3636 728 3697 Uxorem
750 3638 898 3714 parturire
920 3659 1018 3720 noque
1041 3659 1080 3699 ex
1103 3646 1132 3700 te
1156 3642 1308 3718 gravidam
1331 3661 1395 3702 esse

321 3745 355 3802 tu
377 3743 495 3816 praeter
514 3744 630 3800 nosmet
651 3738 732 3799 solus
754 3741 888 3800 conscius
910 3760 949 3801 es.

393 3993 419 4060 1)
435 3996 483 4053 111,
502 3997 525 4054 a,
544 3995 653 4042 os-as.

392 4082 418 4146 3)
436 4080 523 4130 Rhein.
541 4080 605 4129 Mus.
625 4081 656 4129 N.
670 4081 698 4128 F.
717 4079 812 4128 XXXI.
829 4095 854 4142 p.
868 4083 918 4131 304
931 4095 968 4140 sq.

392 4165 1104 4237 &nawa-ffiffiwdst—QQWQ
