3266 4772
700 491 914 571 -51-‚

357 647 454 723 Quid?
484 669 522 709 ne
543 649 661 708 illarum
684 650 803 729 quidem
826 669 1020 727 personarum
1043 653 1178 711 accurate
1200 650 1345 710 rationem

270 751 410 812 habuisse
425 750 595 811 Terentium
620 750 769 810 dicemus?
814 751 909 812 Tanta
930 750 1014 809 illum
1036 751 1159 813 levitate
1182 756 1272 832 atque
1294 770 1346 810 ne·

271 854 421 931 glegentia
443 852 621 912 comoediam
646 851 828 912 confecisse?
873 852 997 912 Minime
1015 872 1097 914 vero.
1142 854 1256 935 Atqui
1281 857 1346 912 tan-

271 960 337 1018 dem
367 967 398 1017 ct
424 957 482 1014 hoc
509 958 540 1014 et
567 953 619 1012 illa
644 958 744 1014 ‘cetera
772 953 851 1013 facta
879 953 969 1014 sunt?
1012 954 1161 1014 Nimirum
1190 957 1217 1016 ei
1240 961 1346 1033 poetae

272 1059 343 1119 talia
365 1057 497 1118 accidere
521 1075 579 1115 non
604 1059 773 1132 potuerunt,
798 1055 849 1135 qni
873 1061 1047 1131 argumento
1070 1057 1239 1132 excogitato
1261 1057 1346 1115 fabu-

270 1160 329 1219 lam
361 1161 574 1219 commentatus
606 1156 645 1217 sit
674 1162 764 1236 atque
795 1157 995 1233 composuerit
1025 1178 1120 1238 usque
1150 1160 1187 1217 ad
1213 1159 1344 1218 exitum:

271 1261 370 1340 potuit
391 1279 462 1320 vero
485 1258 618 1319 accidere
641 1258 682 1341 ei,
706 1257 758 1337 qui
779 1257 910 1317 fabulam
933 1263 1003 1318 ante
1025 1260 1188 1336 perfectam
1211 1261 1346 1334 longiore

272 1363 367 1440 spatio
389 1361 532 1436 temporis
553 1359 722 1419 intermisso
744 1360 958 1420 retractaverit.
1002 1361 1089 1420 Hanc
1105 1382 1176 1422 vero
1199 1363 1279 1424 viam
1300 1363 1345 1420 in·

272 1465 379 1542 gressi,
411 1463 468 1524 nisi
492 1481 539 1520 me
563 1461 662 1520 omnia
682 1460 804 1534 fallunt,
835 1461 1029 1521 rectissimam
1051 1463 1235 1524 instituimus
1256 1464 1347 1523 ratio·

271 1587 354 1626 nem:
377 1566 455 1645 quod
478 1563 644 1624 luculenter
665 1564 809 1639 probatur
831 1562 874 1622 eis
889 1583 965 1643 quae
987 1563 1020 1621 in
1036 1564 1203 1625 didascaliis
1225 1565 1346 1624 tradun-

270 1675 328 1730 tur.
373 1669 496 1727 Gonatat
511 1666 598 1738 enim,
622 1665 753 1724 fabulam
776 1685 841 1723 cum
864 1664 910 1724 bis
927 1684 988 1724 non
1002 1665 1149 1741 placuerit
1163 1667 1210 1726 bis
1226 1685 1243 1724 a
1257 1672 1347 1742 poeta

271 1771 302 1829 in
327 1788 463 1830 scaenam
486 1785 550 1826 esse
572 1766 704 1828 relatam.
748 1767 816 1825 Hoc
838 1785 907 1841 ergo
931 1767 1025 1825 habeo
1047 1785 1233 1843 persuasum,
1258 1773 1347 1847 atque

271 1872 329 1931 huc
363 1868 527 1930 necessario
565 1867 715 1945 pertinere
748 1887 891 1928 summam
929 1874 1047 1929 nostrae
1080 1869 1347 1948 argumentationis

271 1973 366 2045 video,
390 1971 519 2030 fabulam
542 1971 600 2029 iam
624 1976 693 2028 ante
709 1969 902 2046 compositam
925 1990 942 2029 a
965 1975 1054 2047 poeta
1069 1991 1133 2031 esse
1148 1974 1344 2042 retractatam,

270 2078 457 2135 retractatam
480 2091 552 2132 vero
581 2091 685 2149 parum
708 2072 869 2147 diligenter
897 2077 987 2152 atque
1015 2077 1049 2133 ut
1070 2074 1114 2133 ita
1136 2073 1228 2131 dicam
1252 2071 1348 2131 invita

271 2175 457 2252 Minerva.¹)

356 2278 475 2337 Corruit
496 2276 588 2351 igitur
609 2275 698 2351 plane
721 2275 982 2336 contaminationis
1005 2277 1150 2354 suspicio:
1179 2276 1346 2352 composuit

271 2379 400 2439 fabulam
430 2382 519 2456 pocta
548 2396 637 2435 unam
669 2375 842 2453 Apollodori
873 2378 1021 2456 Hecyram
1052 2384 1185 2439 secutus:
1216 2378 1346 2456 denique

272 2480 354 2540 nulla
374 2500 506 2560 unquam
528 2478 587 2538 fuit
608 2478 729 2556 Hecyra
751 2478 915 2537 Menandri.

343 2630 367 2695 1)
385 2633 516 2690 Dalatako‚
535 2631 623 2678 Rhein.
642 2631 706 2678 Mus.
726 2632 755 2677 N.
769 2631 797 2676 F.
815 2630 883 2677 XXI.
904 2633 969 2680 laea
988 2647 1012 2692 p.
1026 2632 1072 2678 80:

341 2719 401 2765 ‘cur
415 2719 552 2777 Rechuung
576 2717 644 2764 einer
668 2717 767 2765 solchen
785 2702 984 2777 llberarbcitung
1008 2718 1052 2764 der
1076 2721 1100 2765 2.
1119 2717 1197 2765 Scene
1221 2716 1284 2777 (scil.
1304 2716 1348 2762 des

272 2808 354 2851 ersten
368 2800 441 2869 Akte)
460 2804 571 2851 kdnnten
589 2803 715 2851 vielleicht
731 2803 794 2850 auch
807 2802 888 2864 einige
900 2803 1115 2851 Inconvenieuaen
1132 2808 1228 2864 gesetzt
1241 2803 1347 2859 werden,

272 2890 365 2936 welche
388 2889 440 2936 sich
459 2889 500 2936 bei
518 2888 650 2948 Vergleich
674 2888 718 2936 des
735 2889 887 2948 Argumenta
912 2889 975 2936 uach
1000 2889 1044 2936 der
1063 2889 1206 2948 Erzchlung
1228 2889 1254 2936 in
1276 2888 1348 2948 jener

272 2973 350 3021 Scene
366 2974 412 3020 mit
428 2974 484 3020 dem
502 2974 627 3021 Walteren
645 2974 679 3020 im
697 2975 823 3034 Lustspiel
840 2975 1057 3023 Vorkommenden
1075 2973 1175 3021 finden)

341 3059 433 3106 Verum
451 3074 496 3107 nos
516 3060 593 3128 multo
611 3060 685 3107 latius
702 3066 787 3120 patere
805 3060 861 3108 illas
880 3060 1059 3119 discrepantias
1078 3058 1193 3106 vidimus.
