3266 4772
662 445 958 528 .-cc-

311 603 355 662 ita
370 603 566 677 emendemus,
588 607 623 663 ut
644 603 723 682 quod
746 622 925 678 reponamus
948 620 1035 682 quam
1060 600 1196 678 proxime
1218 598 1297 659 absit
1319 605 1388 658 eta

313 704 462 764 sententis
489 705 642 782 scriptoris
667 711 698 765 et
725 723 743 763 a
767 706 930 778 ¹verborum
961 710 1052 784 atque
1077 702 1242 762 litterarum
1271 704 1388 762 confor-

313 806 460 879 matione,
483 839 525 850 -
548 827 603 866 nos
625 826 745 887 quoque
767 806 893 866 iterem
914 806 1118 878 instituemus,
1147 810 1182 865 ut
1208 823 1272 864 eam
1303 807 1386 884 qnasi

313 908 498 985 explicantes
514 909 606 969 oculis
621 913 713 969 totam
729 908 917 982 subiciamus,
939 913 1015 980 tump
1026 913 1124 967 utrum
1141 907 1254 988 aliquid
1270 913 1389 982 praeter

311 1008 385 1067 illud
407 1010 443 1069 dc
466 1031 525 1091 quo
548 1011 684 1070 dubitare
711 1030 773 1069 non
802 1010 874 1070 licet
900 1010 972 1069 ‘Dic
994 1006 1108 1068 amabo'
1137 1010 1310 1068 mutandum
1339 1010 1386 1082 sit,

313 1129 350 1169 an
373 1112 474 1187 potius
495 1113 525 1172 id
542 1115 620 1192 quod
639 1113 755 1172 codices
777 1113 940 1188 praebeant
961 1112 1149 1171 retinendum
1172 1111 1211 1170 sit
1226 1111 1386 1170 videamus.

314 1211 400 1275 Quod
423 1219 458 1275 ut
480 1216 566 1275 nobis
588 1215 757 1290 contingat,
781 1215 869 1291 paulo
891 1215 986 1274 fusius
1007 1234 1070 1273 rem
1092 1218 1209 1274 nosmet
1230 1214 1388 1290 disponere

313 1333 433 1376 necesse
449 1316 514 1390 erit,
537 1320 580 1390 ut,
603 1317 719 1376 etiamsi
742 1335 955 1396 nonnunquam
976 1323 1112 1392 repetere
1128 1335 1205 1394 quae
1224 1321 1293 1375 anta
1309 1336 1386 1376 com-

315 1422 477 1478 memorata
505 1418 566 1478 sint
596 1422 744 1495 oportent,
775 1424 839 1478 tota
865 1438 913 1477 res
935 1438 970 1477 eo
1000 1417 1054 1478 fiat
1079 1416 1187 1476 clarior
1215 1422 1306 1497 atque
1335 1438 1387 1476 ex-

312 1519 449 1595 peditior.

402 1622 575 1699 Pamphilus
597 1643 662 1682 cum
684 1641 821 1688 reversus
838 1641 877 1681 ex
897 1623 1005 1683 itinere
1020 1623 1167 1699 parturire
1181 1622 1387 1682 Philumenam

313 1722 485 1800 intellegat,
516 1743 659 1806 perquam
688 1725 864 1801 perterritus
893 1730 982 1804 atquo
1005 1725 1166 1801 improviso
1190 1744 1387 1802 oppressura

312 1831 401 1900 poete
422 1826 582 1886 inducitur.
626 1826 675 1886 Sic
697 1826 776 1885 enim
798 1826 890 1885 animi
913 1826 1014 1886 dolore
1038 1832 1200 1886 commotus
1222 1847 1321 1886 secum
1343 1828 1385 1886 lo·

312 1927 431 2006 quitur:

397 2031 536 2108 'Nequeo
559 2048 689 2090 mearum
711 2051 811 2090 rerum
832 2031 951 2091 initium
971 2032 1065 2090 ullum
1082 2031 1218 2091 invenire
1236 2032 1384 2105 idoneum,

396 2130 481 2190 Unde
503 2132 642 2193 exordiar
662 2152 782 2193 narrare
800 2153 876 2214 quae
898 2153 953 2194 nec
972 2133 1107 2210 opinanti
1123 2129 1286 2194 accidunt':
1302 2168 1344 2177 —
1357 2134 1386 2209 ¹)

311 2235 395 2310 post:

397 2337 572 2417 ‘Postquam
593 2340 707 2415 aspexi,
730 2343 767 2398 “o
789 2338 907 2399 facinus
929 2334 1101 2414 indignum''
1124 2338 1246 2417 inquam
1269 2344 1300 2399 et
1321 2359 1384 2398 cor-

1128 2441 1208 2517 ripui
1229 2441 1299 2502 ilico
1378 2459 1381 2465 ’

399 2543 450 2602 Me
464 2543 534 2602 inde
555 2543 728 2618 lacrumans,
752 2543 920 2604 incredibili
934 2562 967 2602 re
983 2548 1072 2622 atque
1087 2544 1180 2604 atroci
1196 2543 1344 2619 percitus’.
1355 2543 1384 2621 ²)

313 2643 397 2705 Haec
419 2646 486 2727 quis
509 2647 626 2707 dubitet
648 2647 720 2726 quin
742 2647 794 2705 ille
817 2644 982 2706 exclamare
1011 2666 1071 2704 non
1094 2647 1245 2722 potuerit‚'
1274 2647 1332 2706 nisi
1354 2647 1384 2704 id

312 2748 339 2807 ei
362 2748 518 2809 confestim
540 2748 647 2808 luisset
669 2753 780 2808 certum
803 2753 893 2828 etque
917 2748 1117 2825 exploratum,
1149 2769 1234 2808 suum
1260 2768 1384 2825 puerum

312 2869 375 2910 esse
391 2869 450 2909 non
466 2849 571 2926 posse?
615 2851 663 2910 Ita
684 2868 756 2909 vero
778 2869 841 2909 rem
864 2868 927 2910 sese
950 2851 1059 2910 habere
1081 2851 1147 2927 ipsa
1167 2849 1269 2910 fabula
1290 2853 1384 2925 docet,

311 2951 343 3010 in
366 2970 426 3032 qua
446 2951 634 3027 Pamphilum
664 2972 724 3011 non
748 2953 846 3038 statim
877 2958 946 3029 post
967 2953 1087 3028 nuptias
1110 2973 1176 3012 cum
1198 2972 1292 3043 uxore
1315 2973 1383 3012 con·
1454 2979 1457 2984 ·

312 3055 449 3115 cubuisse
478 3054 614 3132 legimus.
659 3056 748 3116 Cuius
778 3056 821 3116 rei
851 3060 942 3116 testes
969 3062 1040 3116 sunt
1060 3057 1206 3115 Parmeno
1228 3075 1331 3118 servus
1354 3062 1385 3116 et
1435 3127 1440 3134 ,

311 3157 470 3236 Myrrhine
491 3163 592 3220 mater.
637 3159 755 3219 Etenim
777 3159 828 3219 ille
850 3159 923 3218 bseo
945 3158 1088 3220 Philotidi
1111 3164 1226 3219 narrat:

397 3261 507 3321 ‘Nocte
529 3261 582 3320 ille
603 3261 699 3339 prims
720 3261 867 3338 virginem
891 3282 952 3322 non
973 3262 1088 3337 attigit:

397 3363 480 3427 Quae
504 3368 690 3426 consecutust
710 3385 771 3424 nox
794 3383 867 3440 eam,
890 3365 952 3425 nilo
974 3361 1090 3440 magis':
1112 3365 1192 3443 -⁸)

309 3466 398 3543 paulo
421 3471 503 3543 posta

619 3573 635 3628 ‘.
658 3613 666 3630 .
689 3611 697 3630 .
720 3570 834 3630 Diebus
857 3589 927 3630 sane
950 3570 1084 3646 pauculis

395 3673 468 3733 Post
489 3672 663 3750 Pamphilus
686 3693 733 3734 me
756 3672 850 3734 solum
873 3673 987 3734 seducit
1007 3674 1088 3732 foras

396 3775 564 3855 Narratque
585 3780 620 3835 ut
633 3777 719 3852 virgo
742 3779 780 3836 ab
796 3777 958 3852 reintegra
974 3776 1063 3836 etiam
1078 3779 1142 3834 tum
1157 3774 1222 3834 siet'
1232 3773 1263 3851 ⁴)
1278 3780 1333 3835 etc.

396 3875 552 3954 Myrrhina
572 3897 644 3939 vcro
666 3898 720 3955 per
735 3884 879 3960 quantum
902 3879 1044 3957 temporis
1066 3879 1194 3956 spatium
1209 3877 1383 3955 Pamphilus

300 3997 405 4039 -uxorc
428 3997 491 4040 sese
514 3981 693 4042 abstinuerit
714 3982 762 4041 his
783 3981 883 4043 verbis
905 3982 1070 4043 accuratius
1091 3981 1219 4042 indicat:

379 4116 405 4181 1)
425 4119 447 4178 b,
466 4117 490 4176 8,
510 4119 583 4165 1-a.
872 4118 899 4182 a)
916 4116 976 4164 ibid.
996 4118 1027 4164 16
1040 4133 1077 4177 sq.

379 4201 405 4268 b)
424 4206 447 4264 1,
466 4207 490 4264 t,
510 4206 540 4252 61
555 4217 593 4263 sq.
872 4203 899 4270 4)
917 4205 977 4253 ibid.
997 4206 1106 4254 68—70.
