3266 4772
721 391 913 458 ..y-

364 551 413 608 ‘Et
434 554 583 609 memento
607 550 686 622 hanc
708 557 789 622 esse,
821 547 868 608 oui
890 547 922 606 in
944 547 1092 624 principio
1115 548 1192 609 nihil
1214 548 1356 610 celaverit

278 646 443 712 Parmeno.’

277 754 354 812 Nam
376 753 453 812 nihil
475 752 525 811 hie
541 753 662 812 dubium
679 757 732 826 est,
756 753 829 831 quin
846 752 898 831 qui
920 753 993 810 haee
1016 751 1176 828 scripserit,
1202 772 1268 811 cnm
1283 753 1354 811 Bac·

278 855 395 914 ohidem
415 855 502 927 dieat,
526 855 706 918 Philotidem
729 855 840 914 habeat
853 853 887 911 in
902 859 1011 914 mente.
1054 854 1160 932 Neque
1174 853 1248 913 illud
1264 873 1281 912 a
1295 855 1356 912 Do·

277 964 347 1018 nato
370 958 536 1033 profectum
560 977 623 1016 esse
647 957 761 1033 opinor,
785 957 864 1035 quod
886 957 1024 1032 Hecyrae
1046 955 1168 1033 locus¹)

567 1059 670 1118 ‘Adest
691 1060 837 1117 Parmeno
860 1076 926 1116 oum
949 1052 1058 1133 pueris'

276 1163 319 1223 sio
341 1161 524 1238 explicatur:
557 1149 564 1154 ’

364 1263 451 1328 ‘Quia
466 1263 546 1322 idem
561 1263 707 1322 Parmeno
724 1264 770 1321 est
784 1264 965 1321 secretorum
980 1261 1124 1336 conscius,
1140 1261 1254 1322 addidit
1270 1265 1353 1321 “oum

276 1361 413 1444 pueris''.'
457 1369 504 1424 An
528 1385 614 1438 vero,
637 1383 764 1440 puerum
786 1380 850 1424 esse
874 1383 1006 1438 servum,
1029 1364 1180 1424 Donatum
1202 1360 1354 1438 ignorasse

156 1492 157 1495 ¹
276 1465 469 1546 putabimus?

362 1571 420 1630 Sed
443 1567 599 1648 quoniam,
623 1587 699 1648 quae
721 1568 853 1628 rationes
875 1568 994 1629 criticae
1016 1569 1048 1627 in
1070 1567 1182 1629 Donati
1204 1588 1353 1628 commen-

276 1673 352 1734 tario
375 1673 528 1748 purgando
551 1675 641 1750 atque
662 1670 846 1730 restituendo
870 1670 1054 1730 adhibendae
1078 1669 1153 1744 sint,
1183 1672 1278 1730 adhuc
1300 1690 1352 1748 pa-

276 1794 342 1833 rum
365 1778 494 1846 constat,
526 1778 671 1832 enatura
699 1777 797 1834 autem
827 1772 891 1832 eius
920 1777 951 1832 at
977 1773 1077 1832 indole
1109 1778 1189 1832 certa
1217 1773 1352 1833 concludi
1440 1817 1443 1824 ·

274 1881 436 1956 nequeunt,
459 1875 602 1951 suspicari
624 1875 697 1933 haec
720 1893 809 1953 quam
830 1894 885 1951 pro
909 1875 997 1936 certis
1018 1875 1154 1952 profiteri
1178 1877 1263 1936 malo.
1364 1909 1366 1913 ·

359 1979 461 2038 Redeo
484 1980 562 2038 unde
585 1978 734 2053 digressus
756 1997 830 2037 snm.

360 2081 497 2140 Donatus
517 2081 610 2155 igitur
625 2079 765 2159 quotiens
780 2079 813 2137 in
828 2080 1040 2140 commentario
1057 2080 1199 2140 Graecam
1220 2079 1350 2140 fabulam

212 2255 216 2264 Ι
274 2187 498 2256 commemorat,
529 2186 701 2242 constanter
722 2181 938 2259 Apollodorum
967 2202 1032 2242 esse
1055 2181 1184 2242 Graecae
1212 2183 1350 2260 Hecyrae

274 2292 424 2347 auctorem
446 2285 629 2361 pronuntiat
676 2282 755 2346 Quid
777 2285 803 2343 si
824 2285 854 2344 id
877 2285 992 2360 ipsum,
1021 2283 1199 2360 Apollodori
1221 2302 1294 2346 esse¹
1307 2285 1350 2342 fa·

273 2389 390 2462 hulam,
422 2388 538 2447 duobus
566 2386 633 2446 aliis
661 2387 735 2446 loeis
764 2387 797 2445 in
820 2387 941 2446 dubium
968 2405 1109 2447 revocare
1130 2383 1269 2448 videtur?
1312 2386 1350 2444 In

273 2491 417 2568 epimetro
447 2489 527 2549 enim
557 2489 621 2550 eius
643 2490 680 2548 ad
702 2487 915 2550 Suetonianam
938 2489 1071 2549 Terentii
1092 2487 1186 2550 vitam
1208 2489 1349 2574 leguntur

272 2595 361 2654 haec:

359 2695 452 2756 ‘Duae
474 2696 511 2755 ab
533 2693 716 2770 Apollodoro
738 2693 899 2754 translatae
926 2714 1004 2754 esse»
1020 2695 1206 2756 dicuntur
1228 2694 1348 2767 comico,

271 2798 413 2859 Phormio
436 2802 467 2858 et
487 2797 622 2875 Hecyra:
647 2801 790 2876 quattuor
810 2796 944 2876 reliquae
966 2817 984 2856 a
1006 2796 1192 2857 Menandro':
1214 2829 1256 2840 -
1337 2833 1338 2836 =

358 2903 389 2960 et
402 2899 435 2960 in
449 2899 635 2976 praefatione
650 2901 687 2958 ad
702 2899 839 2978 Hecyrae
855 2900 1099 2960 commentarium
1114 2919 1142 2976 p.
1155 2903 1193 2956 12
1209 2897 1348 2975 Roiff.²):

359 3002 451 3062 ‘Haec
481 2997 579 3082 [cnm]
611 3001 713 3061 fabula
743 3001 919 3078 Apollodori
953 3002 1096 3063 dieitur
1129 3023 1193 3066 ease
1227 3000 1347 3061 Graeca.

271 3104 348 3164 Nam
370 3107 401 3164 et
421 3105 487 3181 ipsa
508 3109 539 3163 et
551 3087 692 3162 Phormio
715 3103 871 3163 abeodem
888 3104 1069 3164 dicuntur
1091 3124 1155 3166 esse
1177 3110 1346 3184 translatae,

272 3226 338 3265 oum
360 3205 493 3287 reliquae
516 3210 658 3285 quattuor
680 3207 759 3266 sint
781 3207 938 3266 Menandri
961 3203 1082 3268 comici!

357 3309 447 3368 Multi
475 3308 533 3369 viri
562 3309 642 3368 docti
669 3309 703 3368 in
730 3310 785 3369 hac
813 3309 988 3371 difficultate
1018 3312 1210 3391 disceptanda
1236 3316 1344 3374 versat'

271 3417 350 3474 sunt.
394 3410 511 3471 Primus
533 3410 715 3471 Ritschelius
737 3415 900 3471 ceterarum
930 3413 1147 3488 praefationum
1177 3413 1257 3476 looos
1287 3435 1346 3489 eos,
1434 3430 1440 3434 ·

271 3515 304 3574 in
335 3513 443 3594 quibus
475 3515 510 3572 de
541 3512 708 3572 fabularum
739 3513 854 3590 origine
885 3519 1005 3590 agatur,
1039 3517 1251 3592 comparandos
1281 3536 1345 3578 esse

272 3617 380 3677 docuit
672 3599 676 3605 ’

357 3717 482 3794 Legitur
504 3717 583 3776 enim
606 3719 638 3777 in

356 3820 470 3898 praef.
495 3822 536 3878 ad
559 3823 674 3881 Andr.
697 3827 762 3898 μδ
785 3821 901 3881 Reiff.
925 3826 942 3882 ‘.
966 3866 974 3882 .
998 3867 1005 3882 .
1029 3824 1065 3882 de
1086 3823 1151 3884 looo
1174 3845 1346 3886 nomenan-

271 3924 352 4002 oepit
373 3928 403 3985 et
425 3943 442 3981 a
465 3925 628 3984 Menandro
651 3925 734 4002 prius
756 3931 787 3984 et
809 3944 888 3984 nuno
911 3926 948 3984 ab
971 3925 1036 4002 ipso
1059 3923 1216 3987 Terentio!

340 4061 365 4125 ι)
382 4063 429 4120 111,
447 4063 472 4122 a,
491 4063 532 4109 eo.

340 4147 367 4212 2)
385 4147 488 4195 ‘Donati
499 4147 524 4193 in
537 4151 676 4194 commenta
688 4147 838 4194 Terentiana
850 4141 1025 4206 praefationes’
1038 4163 1068 4196 ex
1081 4147 1224 4197 recensione
1236 4149 1266 4197 A.
1277 4148 1343 4196 Rait-

270 4233 418 4282 fersoheidii.
453 4233 508 4280 Ind.
525 4232 583 4280 loct.
600 4232 735 4280 Vratislav.
753 4231 973 4296 Lxxvpnxxvl.
