3266 4772
667 464 880 531 „27-

323 623 426 682 ‘Adest
447 623 592 680 Parmeno
616 641 682 681 oum
704 621 820 698 pueris:
843 621 924 680 huno
947 620 1108 680 minumest
1130 639 1204 696 opus

322 728 358 785 In
380 725 436 784 hac
458 744 491 784 re
513 726 631 784 adesse:
654 743 723 783 nam
747 724 817 783 olim
840 723 895 783 soli
917 724 1037 797 credidi,

320 830 365 887 Ea
386 847 433 888 me
455 827 633 888 abstinuisse
655 828 687 886 in
710 827 867 904 principio,
890 847 980 906 quom
1003 828 1115 887 datast:

321 931 441 1003 Vereor,
464 930 489 990 si
512 930 668 991 clamorem
691 929 755 990 aius
777 929 826 990 hic
848 930 952 990 crebro
975 929 1084 1002 audiat,

323 1033 369 1090 Ne
391 1033 539 1109 parturire
562 1031 726 1108 intellegat.
761 1032 861 1112 aliquo
882 1031 985 1091 mihist

322 1134 402 1194 Hine
424 1135 613 1210 ablegandus,
637 1135 706 1194 dum
729 1134 808 1211 parit
830 1129 1024 1193 Philumena’.
1041 1134 1069 1209 ¹)

237 1236 296 1296 Hic
317 1243 415 1297 autem
439 1256 476 1296 ne
496 1238 620 1297 verbum
644 1237 763 1316 quidem
779 1236 946 1313 Phidippus
968 1239 1037 1296 ante
1061 1237 1097 1293 de
1120 1253 1155 1292 ea
1175 1252 1209 1292 re
1230 1233 1310 1305 facit,

236 1358 291 1398 neo
314 1343 495 1415 spectatores
518 1343 644 1416 possunt
664 1337 853 1414 intellegere,
882 1357 1002 1426 prorsus
1025 1355 1092 1396 eum
1115 1335 1202 1396 aliter
1224 1353 1312 1410 agere

237 1446 326 1519 atque
349 1441 475 1501 sentire:
499 1461 564 1501 oum
587 1447 688 1500 tamen
710 1441 749 1513 id,
773 1439 913 1519 quoniam
936 1459 974 1498 ex
991 1440 1034 1498 eis
1052 1457 1128 1518 quae
1144 1442 1213 1498 anta
1228 1441 1312 1512 gesta

238 1547 308 1602 sunt
337 1541 471 1602 concludi
500 1563 560 1602 non
589 1546 703 1619 potest,
735 1542 825 1602 etiam
855 1541 963 1600 clarius
992 1560 1081 1620 quam
1108 1540 1222 1599 inillis
1244 1538 1311 1597 eliis

237 1644 311 1704 locis
331 1645 424 1704 fuerit
446 1644 681 1722 exprimendum.

322 1747 379 1807 Sed
409 1747 433 1806 si
462 1749 537 1807 haec
566 1747 703 1806 sufficere
732 1765 793 1805 non
815 1746 974 1806 videantur
1001 1746 1037 1804 ad
1060 1746 1250 1806 efficiendum
1280 1745 1310 1802 id

238 1851 317 1928 quod
339 1850 491 1922 volumus,
522 1869 589 1909 ecce
611 1868 721 1908 novum
745 1852 950 1924 argumentum
973 1848 1071 1908 infero
1094 1848 1310 1924 gravissimum.

236 1951 354 2012 Etenim
369 1953 544 2028 Phidippus,
568 1951 592 2010 si
613 1952 666 2010 illa
688 1951 863 2025 simulasset,
886 1950 975 2010 etiam
998 1951 1041 2010 eis
1056 1949 1158 2011 verbis
1180 1950 1310 2030 quaein

236 2073 370 2114 scaenam
394 2055 534 2130 prodiens
565 2059 645 2114 retro
668 2055 704 2112 ad
727 2054 913 2132 Myrrhinam
936 2058 968 2113 at
989 2053 1196 2113 Philumenam
1217 2051 1311 2129 respi-

236 2156 317 2215 ciens
338 2156 488 2235 loquitur:
1226 2141 1231 2148 ¹

323 2258 398 2317 'Tibi
422 2277 541 2338 quoque
565 2259 671 2334 edepol
694 2257 883 2335 seminatus,
906 2259 1092 2330 Philumena,

323 2360 460 2420 Graviter
481 2361 610 2440 quidem.
643 2380 711 2419 nam
734 2361 833 2420 hercle
856 2361 908 2419 abs
931 2365 961 2420 te
983 2361 1123 2420 factumst
1145 2358 1289 2436 turpiter:

322 2463 386 2522 Etsi
408 2462 463 2522 tibi
486 2482 574 2522 causa
596 2469 641 2523 est
663 2464 699 2522 de
721 2465 776 2524 hac
798 2482 849 2522 re:
872 2467 966 2522 mater
987 2469 1018 2522 te
1039 2461 1164 2538 inpulit:

323 2565 403 2624 Huic
423 2584 495 2625 vero
517 2565 600 2624 nulla
622 2563 693 2626 est':
716 2565 798 2644 -¹)

237 2667 401 2728 necessario
419 2668 578 2728 Lachetem
594 2668 842 2748 Pamphilumque
864 2668 1009 2728 voluisset
1031 2667 1177 2744 decipere.
1224 2666 1309 2731 Quod

236 2769 347 2830 iactum
377 2788 441 2829 esse
471 2770 553 2830 nullo
583 2773 670 2830 modo
693 2777 799 2847 potest.
841 2772 920 2829 Nam
943 2789 1094 2851 nunquam
1116 2771 1161 2830 ita
1180 2789 1244 2829 rem
1266 2769 1310 2826 in-

238 2871 335 2932 stituit
353 2871 517 2946 Terentius,
541 2879 583 2946 ut,
607 2873 631 2931 si
655 2875 722 2953 quis
745 2893 881 2934 scaenam
903 2873 1074 2950 ingrediens
1095 2879 1175 2933 retro
1198 2872 1311 2953 aliquid

236 2973 377 3052 loquatur
400 3007 438 3018 -
463 2976 544 3054 quod
566 2976 684 3051 saepius
705 2975 859 3036 invenitur
881 3009 922 3020 -
944 2977 976 3044 i'd
998 2977 1034 3036 ab
1056 2977 1094 3035 iis
1117 2977 1168 3056 qui
1191 2994 1311 3036 versen-

237 3080 287 3135 tur
308 3077 338 3134 in
363 3094 469 3137 scaena
491 3077 636 3138 audiatur.
679 3079 776 3137 Immo
806 3084 896 3154 poeta
925 3079 949 3138 si
973 3097 1060 3157 quam
1084 3097 1240 3155 personam
1269 3079 1312 3138 ita

236 3177 364 3251 inducit,
387 3179 417 3238 id
440 3184 568 3255 spectat,
599 3184 633 3240 ut
655 3199 720 3240 cum
744 3185 807 3240 arte
830 3185 860 3240 et
882 3181 1031 3257 elegantia
1052 3199 1116 3238 eam
1139 3184 1312 3257 promoveat

236 3281 269 3338 in
297 3300 447 3353 scaenam,
478 3283 694 3359 spectatoribus
723 3302 809 3356 vero,
844 3283 916 3363 quid
944 3301 979 3342 ea
1012 3303 1107 3362 usque
1138 3303 1173 3343 eo
1207 3283 1310 3358 egerit,

239 3383 287 3442 vel
310 3383 410 3460 potius
433 3383 503 3464 quid
528 3402 591 3442 eam
614 3385 710 3460 egisse
733 3384 922 3461 cogitandum
945 3386 998 3457 sit,
1021 3387 1134 3444 urbane
1156 3385 1311 3460 significet.

323 3485 517 3565 Relinquitur
538 3506 623 3561 ergo,
654 3488 734 3566 quod
764 3487 851 3547 initio
880 3487 1044 3560 voluimus,
1073 3494 1107 3546 ut
1136 3487 1310 3563 Phidippus,

238 3607 304 3646 oum
319 3587 384 3646 eius
399 3590 491 3648 verba
513 3607 630 3665 semper
652 3590 694 3648 ita
716 3595 751 3650 ut
766 3590 905 3651 dicuntur
928 3591 988 3651 sint
1009 3591 1188 3666 accipienda,
1212 3609 1310 3648 secum

237 3689 325 3765 plane
347 3691 511 3764 dissentiat,
535 3695 624 3767 poete
645 3711 716 3751 vero
740 3692 789 3752 hic
811 3712 932 3772 quoque
955 3694 998 3753 ita
1020 3699 1101 3769 agat,
1125 3698 1159 3752 ut
1180 3693 1229 3753 vel
1250 3711 1311 3751 ma-

236 3791 318 3850 xime
340 3791 523 3852 desideretur
544 3795 711 3853 constantia
733 3800 822 3873 atque
845 3795 1040 3854 concinnitas.

323 3895 386 3954 Nec
415 3897 513 3956 minus
544 3897 574 3955 in
598 3896 747 3972 Pamphili
774 3915 901 3972 persona
933 3896 1140 3970 describenda,
1170 3897 1250 3976 quod
1279 3896 1310 3954 in

237 3995 386 4072 Phidippo
414 3999 673 4074 reprehendimus,
703 3998 822 4058 admisit
849 4003 946 4074 poeta.
991 3999 1157 4058 Edooemur
1177 4001 1256 4060 enim
1279 3999 1310 4056 in

308 4217 566 4276 nmmum
799 4219 1035 4280 amabe
