3266 4772
751 462 1042 538 ..4..’

309 628 410 706 philus
432 632 537 688 nactus
560 633 647 702 esset,
670 649 730 688 non
754 630 807 687 ubi
828 630 942 701 fuisset,
965 629 1044 687 unda
1066 629 1191 702 veniret,
1214 630 1286 708 quid
1309 630 1386 706 egis-

311 725 374 790 set'
420 734 461 790 At
483 732 554 811 quid
577 733 752 808 simplicius,
776 733 848 812 quid
870 732 928 808 ipsi
949 731 993 790 rei
1016 731 1115 806 aptius
1143 731 1242 806 potuit
1264 733 1386 808 eogitari

310 852 399 912 quam
427 839 462 893 ut
484 834 520 891 de
545 835 634 893 anulo
657 834 781 894 Bacchis
808 835 955 912 inciperet
983 834 1183 908 interrogare,
1217 833 1268 911 qui
1292 834 1386 894 oculis

310 936 410 994 statim
426 937 610 997 occurreret?
654 941 695 996 At
716 956 787 997 vero
810 957 848 995 ne
871 937 978 1012 incipit
1000 935 1118 1014 quidem
1144 935 1269 995 Bacchis
1290 937 1326 994 de
1349 956 1383 996 eo

308 1039 507 1115 interrogare,
538 1045 627 1118 atque
658 1044 759 1116 aperte
788 1041 939 1112 Donatus,
973 1039 998 1097 si
1020 1037 1073 1095 illa
1095 1037 1275 1113 scripsisset,
1306 1043 1385 1097 esset

308 1141 479 1214 hariolatus,
503 1141 615 1220 quippe
638 1141 689 1220 qui
712 1161 788 1220 quae
812 1142 948 1217 proxime
969 1140 1154 1217 praecedunt

352 1244 400 1303 ‘mi
423 1243 577 1320 Pamphile
600 1289 607 1302 .
632 1289 639 1303 .
662 1245 782 1316 amabo,
806 1240 884 1304 Quid
908 1237 1103 1303 exanimatu's
1126 1236 1341 1301 obsecro?‘—

308 1366 364 1406 nec
384 1345 567 1423 respexisset
588 1365 685 1425 neque
708 1345 828 1404 omnino
850 1344 983 1406 vidisset.
1016 1417 1021 1426 η
1044 1379 1047 1390 ·

395 1450 470 1509 'l'um
492 1448 599 1508 Ihnius
621 1467 696 1527 quae
718 1447 835 1526 reliqua
856 1451 931 1507 sunt

437 1558 512 1612 ‘nam
534 1552 567 1610 in
591 1551 702 1610 Graeca
724 1552 798 1610 haec
818 1557 955 1626 aguntur,
978 1570 1039 1609 non
1062 1545 1228 1608 narrantur’

308 1656 433 1715 alterum
449 1655 633 1730 magistrum,
649 1658 817 1713 ‘memorem
834 1673 936 1712 eorum
952 1654 1093 1726 locorum,
1113 1653 1145 1710 in
1162 1653 1270 1732 quibus
1284 1654 1383 1714 brevi·

307 1758 379 1817 tatis
394 1775 482 1816 causa
504 1761 572 1833 post
589 1775 725 1814 scaenam
740 1755 891 1815 rettulisse
905 1755 1001 1815 fertur
1015 1755 1172 1814 Terentius
1188 1756 1268 1834 quod
1283 1755 1383 1832 potuit

307 1862 339 1918 in
356 1878 462 1919 scaena
477 1862 707 1935 repraesentare,
724 1861 883 1936 'ratumque
898 1857 977 1916 idem
991 1858 1042 1917 hio
1053 1857 1170 1931 valere’,
1193 1857 1383 1935 adscripsisse

328 1967 402 2022 utat.

307 1984 326 2040 p
395 2068 437 2124 At
459 2064 510 2144 qui
533 2067 602 2123 sunt
623 2063 668 2122 illi
691 2061 768 2122 loci?
812 2063 879 2121 Duo
906 2063 1065 2136 eiusmodi,
1090 2064 1168 2142 quod
1189 2064 1320 2138 videam,
1350 2065 1382 2123 in

308 2169 419 2228 Donati
453 2167 671 2227 commentariis
705 2169 832 2226 exstant.
877 2167 925 2224 Ex
958 2166 1066 2244 quibus
1098 2186 1164 2225 cum
1199 2167 1274 2228 alter
1284 2167 1311 2242 ²)
1346 2168 1382 2225 ad
1493 2215 1498 2232 ,

308 2274 385 2331 hanc
406 2291 469 2330 rem
491 2269 569 2329 nihil
591 2269 711 2329 omnino
733 2270 832 2342 faciat,
855 2269 930 2329 alter
951 2269 1155 2344 respiciendus
1178 2275 1238 2343 est,
1263 2269 1315 2348 qui
1337 2274 1382 2329 est

308 2376 340 2433 in
364 2395 468 2434 comm.
492 2374 528 2432 ad
551 2374 643 2432 Andr.
662 2378 688 2447 5,
706 2379 734 2446 6,
755 2378 810 2432 13:

393 2476 482 2540 ‘Quia
504 2481 534 2536 at
555 2477 696 2536 audacter
718 2479 748 2535 et
762 2473 922 2534 artificiose
936 2474 1024 2533 binos
1039 2493 1153 2532 amores
1170 2475 1294 2534 duorum
1311 2475 1381 2534 adu-

307 2580 481 2640 lescentium
505 2583 535 2638 et
555 2581 642 2638 binas
664 2578 784 2655 nuptias
810 2576 842 2635 in
864 2595 924 2634 una
945 2576 1047 2635 fabula
1069 2577 1254 2636 machinatus
1278 2582 1324 2635 est
1352 2581 1383 2635 et

306 2682 338 2741 id
361 2687 446 2742 extra
467 2681 682 2758 praescriptum
705 2679 876 2752 Menandri,
908 2679 992 2739 ouius
1013 2679 1143 2738 fabulam
1166 2679 1381 2739 transferebat:

307 2786 416 2845 ideirco
440 2785 520 2842 aliud
542 2785 574 2843 in
596 2784 785 2861 proscaenio,
815 2782 895 2841 aliud
924 2787 993 2858 post
1014 2801 1149 2842 scaenam
1179 2781 1311 2841 rettulit:
1343 2800 1381 2839 ne

307 2889 357 2948 vel
377 2887 455 2948 iusto
478 2887 596 2961 longior
617 2886 704 2947 fieret
725 2885 828 2965 velin
850 2886 974 2964 eandem
1002 2889 1125 2961 propter
1151 2903 1250 2944 rerum
1279 2883 1382 2945 simili·

307 2991 440 3049 tudinem
463 2985 657 3065 cogerentur!

392 3095 433 3151 At
462 3111 499 3150 ne
528 3091 579 3151 hic
601 3091 721 3171 quidem
743 3091 878 3150 Donatus
907 3089 1082 3167 simpliciter
1110 3089 1266 3150 brevitatis
1296 3107 1383 3148 causa

308 3195 479 3256 Terentium
501 3195 614 3274 aliquid
638 3215 653 3254 e
676 3195 850 3271 proscaenio
873 3194 1035 3255 removisse
1057 3193 1162 3265 tradit,
1186 3192 1237 3250 sed
1259 3190 1330 3270 quia
1352 3194 1382 3249 et

308 3300 403 3359 ‘binas
414 3298 534 3375 nuptias
548 3297 581 3360 in
596 3317 657 3356 una
671 3297 772 3356 fabula
788 3292 981 3357 machinatus’
998 3296 1084 3355 solito
1100 3293 1235 3353 diffusius
1250 3293 1382 3368 longius-

308 3421 366 3480 que
395 3421 458 3460 rem
486 3401 642 3477 disponere
670 3405 734 3459 erat
759 3405 892 3474 coactus,
923 3404 954 3460 et
983 3397 1113 3457 animia
1141 3399 1382 3470 argumentorum

307 3503 501 3563 similitudine
524 3503 740 3579 spectatoribus
763 3503 887 3562 molesta
909 3502 1095 3561 abhorrebat.
1139 3508 1145 3512 “

392 3606 460 3665 Nou
483 3607 585 3682 magis,
608 3627 673 3666 cum
695 3605 777 3664 Ihuii
800 3605 948 3665 sententia
969 3604 1137 3663 reiectanea
1158 3601 1224 3664 visa
1245 3601 1292 3675 sit,
1316 3621 1381 3661 cum

306 3705 511 3784 Koonighoffo'
523 3709 691 3768 faciendum
706 3727 772 3768 esse
786 3708 934 3786 existimo.
968 3706 1028 3770 Qui
1042 3706 1189 3765 rationem
1204 3703 1381 3764 contrariam

307 3815 425 3872 secutus
440 3811 639 3872 Donatianum
661 3812 736 3870 illud
757 3813 801 3871 ita
823 3793 1026 3890 accipiendum
1050 3829 1114 3869 essa
1134 3812 1242 3880 censet,
1265 3810 1299 3865 ut
1320 3824 1380 3863 non

306 3918 343 3976 de
365 3914 482 3974 actione
503 3913 582 3989 ipsa,
613 3917 664 3974 sed
687 3917 730 3974 de
752 3934 920 3974 sermone
950 3915 1056 3974 inter
1077 3909 1320 3988 Pamphilum
1343 3911 1382 3967 et

306 4016 532 4076 Bacchidem
555 4018 685 4077 habito
709 4019 870 4091 cogitetur,
901 4017 1031 4096 inquo,
1065 4034 1141 4095 quae
1163 4017 1232 4072 ante
1255 4015 1381 4069 ‘menses

307 4122 408 4180 dacem
423 4114 495 4178 fere'
509 4123 575 4178 acta
591 4124 682 4193 erant,
707 4125 843 4184 enarrata
856 4119 925 4180 sint.
956 4121 1030 4178 Bam
1046 4137 1117 4179 vero
1137 4133 1224 4196 quam
1238 4113 1304 4177 vult
1318 4112 1380 4175 rim

376 4253 401 4325 1)
420 4257 451 4304 ad
469 4257 549 4306 Andr.
569 4258 635 4316 1,4,
658 4260 680 4306 1.
