3266 4772
734 410 927 475 -8-

378 569 495 646 praef.
518 569 561 626 ad
584 567 671 626 Eun.
694 587 722 643 p.
740 557 758 623 9
781 568 817 626 R.
841 569 881 624 ‘et
893 569 939 624 est
952 564 1075 642 palliata
1090 563 1246 623 Menandri
1263 561 1369 624 vetus!

375 672 494 748 praef.
517 671 560 728 ad
583 670 647 728 Ad.
669 690 699 746 p.
717 675 734 726 6
759 670 795 728 R.
819 669 911 727 ‘Haec
932 667 1033 726 fabula
1049 666 1205 743 Adolphoe
1227 662 1367 743 palliata!

377 773 493 850 praei.
516 772 726 831 adPhorm.
749 789 778 846 p.
799 774 837 828 14
860 771 896 829 R.
928 769 1025 828 ‘Hanc
1047 768 1229 829 comoediam
1251 766 1368 826 mani·

291 876 430 934 festum
459 880 517 934 est
543 874 627 951 prius
654 875 692 932 ab
716 873 896 949 Apollodoro
913 916 929 951 Ι.
953 916 960 932 .
983 916 991 931 .
1015 889 1119 947 graece
1141 871 1282 947 scriptam
1304 889 1368 929 esse

292 995 380 1056 quam
402 976 496 1036 latine
519 995 536 1034 a
558 975 696 1034 Terentio
720 971 950 1033 Phormionem?

377 1081 425 1137 Ex
440 1076 549 1157 quibus
571 1097 637 1136 curn
660 1077 820 1136 abhorrere
843 1075 917 1134 illud
941 1073 1067 1136 ‘dicitur'
1088 1079 1263 1135 aconsueto
1287 1092 1368 1132 more

292 1181 408 1240 dicendi
430 1180 541 1239 Donati
563 1179 753 1256 perspicuum
776 1179 831 1252 sit,
854 1179 1037 1238 Ritsohelius
1059 1199 1111 1238 cur
1134 1178 1293 1238 scholiasta
1314 1175 1368 1233 mi·

291 1283 372 1341 nime
395 1303 460 1342 curn
484 1302 536 1341 suo
560 1280 771 1342 commentario
795 1281 985 1341 consentiens
1014 1283 1050 1341 de
1073 1285 1194 1341 auctore
1216 1280 1369 1340 videratur

292 1384 435 1458 dubitare,
458 1385 535 1444 hano
557 1402 674 1443 causam
695 1383 787 1443 fuisse
810 1382 1026 1462 suspicaturl).

378 1489 469 1560 „Man
497 1486 584 1547 sollte
613 1487 671 1546 fast
701 1486 845 1562 glauben,
876 1487 977 1546 Donat
997 1488 1075 1545 habe
1098 1485 1148 1545 ein
1170 1483 1369 1560 griechischen

293 1589 387 1648 Stiiclr
410 1591 461 1649 des
483 1589 683 1667 Apollodorus
705 1608 758 1665 gar
779 1589 864 1648 nicht
884 1589 917 1648 in
939 1590 1069 1648 Hitnden
1091 1589 1216 1664 gehabt,
1240 1587 1366 1646 sondern

296 1693 343 1750 die
365 1693 502 1770 wenigen
518 1691 762 1765 Parallelstcllen,
787 1693 834 1750 die
856 1712 889 1751 er
909 1693 949 1750 im
966 1693 1154 1752 Commentar
1175 1709 1227 1748 zur
1249 1689 1369 1765 Hecyra

294 1794 345 1852 des
368 1793 567 1871 Apollodorus
590 1794 721 1867 aniiihrt,
744 1794 793 1853 bei
817 1794 931 1852 alteren
952 1795 1143 1869 Interpreten
1163 1792 1368 1867 vorgefunden

292 1898 354 1956 und
375 1917 433 1956 nur
455 1897 548 1956 daher
570 1895 775 1974 enclehnt2).“

378 2001 486 2058 Postea
507 1998 669 2076 Ihnius2),
700 2000 779 2079 quod
802 1999 985 2058 Ritschelius
1014 1999 1170 2056 admodum
1200 1996 1370 2055 dubitanter

293 2103 330 2161 de
351 2120 411 2160 una
432 2103 552 2180 Hecyra
574 2101 713 2177 opinatus
735 2107 787 2174 est,
811 2102 883 2161 satis
906 2101 1089 2160 confidenter
1110 2101 1143 2158 in
1167 2098 1303 2158 omnibus
1325 2099 1368 2156 fa·

293 2202 371 2263 bulis
393 2203 525 2263 Terentii
548 2204 645 2263 locum
667 2205 777 2263 habere
799 2205 950 2281 professus
973 2210 1032 2263 est:
1054 2222 1123 2262 nam
1139 2220 1368 2282 quaecunquae
1424 2262 1427 2272 ,

294 2306 413 2365 Graecis
434 2306 543 2366 fabulis
565 2307 686 2367 afferret
707 2307 873 2380 Terentius,
901 2327 962 2366 non
985 2325 1024 2365 ex
1045 2305 1119 2382 ipsis
1141 2303 1369 2380 exemplaribus,

294 2410 345 2467 sed
367 2429 406 2468 ex
427 2389 598 2489 antiquiore
620 2411 748 2489 quodam
773 2409 983 2469 commentario
1006 2428 1071 2468 esse
1093 2409 1208 2467 hausta.
1315 2410 1317 2418 '

381 2510 460 2575 Quid
489 2511 580 2570 vero?
622 2512 762 2584 Ihnium‚
796 2532 861 2571 cum
892 2513 1059 2588 argumenti
1091 2508 1274 2570 Rischeliani
1307 2506 1368 2568 vim

295 2618 402 2688 augeat
424 2619 513 2693 atque
536 2613 709 2690 amplificet,
732 2619 832 2674 tamen
854 2615 885 2673 id
906 2617 1005 2691 ipsum
1028 2615 1107 2694 quod
1129 2611 1311 2673 Bitschelius
1333 2627 1367 2667 eo

294 2714 411 2774 efficere
427 2714 493 2774 vult
514 2734 574 2773 non
594 2716 681 2774 modo
697 2735 758 2774 non
777 2720 952 2790 sustentare,
975 2717 1026 2776 sed
1049 2735 1171 2793 prorsus
1192 2715 1369 2790 radarguere

296 2822 385 2896 atque
406 2815 543 2876 refellere
567 2817 634 2897 quis
657 2824 703 2885 est
724 2819 797 2898 quin
813 2819 934 2880 videat?
978 2821 1054 2878 Nam
1070 2852 1112 2863 -
1126 2823 1161 2879 ut
1175 2818 1369 2879 concedamus

294 2920 445 2980 Donatum
460 2940 522 2979 non
536 2920 634 2998 ipsum
651 2921 779 2982 Graecae
794 2923 932 3002 Hecyrae
947 2922 1107 3000 exemplar,
1124 2923 1174 2982 sed
1189 2924 1369 2980 commenta-

293 3022 370 3080 rium
381 3025 497 3080 tantum
507 3023 681 3083 recentioris
691 3024 841 3084 cuiusdam
854 3024 1037 3101 grammatici
1049 3024 1216 3101 inspexisse
1227 3042 1322 3101 eaque
1332 3023 1368 3080 de

294 3142 382 3182 causa
403 3125 439 3182 de
462 3123 573 3183 Graeco
595 3125 713 3186 fabulae
735 3133 856 3188 auctore
878 3128 1028 3187 dubitasse
1050 3161 1092 3170 -
1115 3126 1215 3185 sinon
1231 3124 1368 3202 Hecyrae

295 3225 390 3286 solum
417 3226 493 3286 liber
515 3225 658 3303 Graecus,
689 3231 740 3289 sed
763 3235 927 3291 ceterarum
950 3230 1082 3288 omnium
1103 3229 1270 3288 fabularum
1299 3227 1369 3286 libri

294 3329 321 3387 ei
338 3329 511 3403 defuerunt,
527 3349 626 3389 nonne
648 3332 680 3390 in
699 3333 837 3392 omnibus
858 3331 1102 3409 praefationibus,
1126 3331 1206 3391 utin
1222 3331 1368 3409 Hecyrae,

294 3431 478 3508 ‘Apollodori
500 3467 542 3476 -
563 3432 613 3495 vel
633 3432 790 3494 Menandri
812 3469 855 3480 —
877 3454 940 3495 esse
963 3428 1078 3494 dicitur'
1102 3433 1129 3492 ei
1152 3439 1216 3495 erat
1237 3453 1369 3511 Pronun-

365 3652 390 3719 1)
407 3656 509 3716 Parerg.
528 3669 553 3715 p.
566 3655 624 3702 326.

365 3742 392 3806 2)
410 3742 480 3802 Quae
492 3741 641 3788 Bit-schelius
659 3744 788 3801 praeterea
805 3741 883 3800 affert,
903 3755 958 3788 cum
976 3756 1025 3789 non
1037 3746 1087 3789 tam
1099 3743 1132 3790 ad
1143 3744 1277 3802 Donatum,
1296 3756 1369 3803 quam

294 3829 326 3875 ad
351 3828 465 3888 Hecyrae
491 3827 723 3876 contaminationem
750 3831 875 3888 spectent,
904 3829 951 3875 hoc
975 3829 1029 3876 loco
1058 3831 1274 3889 praetermittenda
1298 3834 1362 3878 aunt.

295 3913 386 3961 Nescio
404 3917 485 3960 tamen
504 3926 536 3958 au
554 3913 601 3960 hoc
619 3913 650 3960 ad
668 3913 796 3960 Donatum
814 3915 950 3973 pertineat,
969 3917 1035 3974 quod
1052 3915 1077 3962 in
1095 3919 1148 3963 tota
1164 3915 1369 3975 antiquitate

295 3998 439 4059 Apollodori
457 3999 580 4058 Hecyram
599 4013 648 4045 nou
666 3999 942 4047 commemorari'dicit:
960 4005 987 4048 ot
1003 4001 1051 4048 hac
1068 4015 1095 4048 re
1113 4003 1143 4049 de
1156 4000 1252 4048 Graeco
1270 4003 1370 4047 auctore

296 4085 422 4132 Donatum
440 4084 561 4132 incertum
579 4074 670 4131 factum
688 4098 742 4131 esse
760 4090 866 4132 censeat.

364 4169 391 4233 a)
408 4171 424 4216 1.
437 4171 453 4217 r.
472 4184 497 4230 p.
511 4170 551 4216 ra.
