3266 4772
683 461 970 544 ...gp-¹

252 613 360 673 Contra
390 615 420 673 hi
444 620 581 690 nepotem
611 616 808 676 libentissime
829 616 1027 692 excipiebant.
1071 616 1239 692 Phidippus
1262 615 1327 693 qui-

252 717 317 774 dem
340 716 392 774 ubi
414 736 539 792 puerum
562 722 664 776 natum
687 718 781 777 sensit
795 717 953 796 quominus
970 717 1022 777 ille
1038 725 1206 794 exponatur
1221 736 1327 792 magna

250 817 281 877 vi
305 822 336 877 ct
357 819 504 893 gravitate
525 820 673 895 prohibet,
697 839 762 878 cum
783 822 858 879 haec
881 821 1054 897 Myrrhinae
1077 821 1172 882 dicat:

341 920 500 980 ‘Interdico
523 941 561 980 ne
583 922 726 981 extulisse
749 929 832 982 extm
856 922 938 981 aedis
960 942 1084 998 puerum
1106 941 1231 1002 usquam
1245 922 1329 982 velis.

316 1005 395 1080 'sed
417 1043 473 1099 ego
495 1023 623 1096 stultior,
646 1025 719 1083 meis
742 1025 829 1084 dictis
852 1043 956 1101 parere
978 1027 1056 1085 hanc
1078 1025 1129 1105 qui
1152 1025 1309 1102 postulem.

337 1124 392 1183 Ibo
415 1124 493 1185 intro
517 1131 607 1206 atque
629 1127 742 1186 edicam
765 1128 875 1200 servis,
906 1147 945 1186 ne
975 1147 1124 1207 quoquam
1155 1127 1260 1186 ecferri
1289 1128 1328 1186 si-

1059 1228 1205 1308 *nant'.¹)

253 1329 424 1408 Eodemque
446 1331 533 1388 modo
555 1336 658 1407 postea
681 1332 794 1392 Laches
816 1331 910 1390 filium
933 1332 980 1391 his
1002 1333 1102 1392 verbis
1125 1331 1274 1406 increpat:

339 1435 360 1487 ‘-
384 1476 391 1488 ·
416 1475 423 1490 .
447 1430 525 1495 Quid
548 1432 642 1492 dixti?
664 1435 720 1492 eho
743 1453 780 1492 an
802 1454 863 1492 non
886 1435 1007 1507 alemus,
1030 1431 1206 1510 Pamphile?

339 1533 502 1592 Prodemus
525 1553 634 1612 quaeso
657 1536 776 1611 potius?
799 1554 876 1614 quae
898 1537 971 1596 haee
993 1530 1243 1612 amentiast?l'²)

254 1633 428 1709 Pamphilus
449 1635 541 1710 igitur
562 1637 592 1696 id
615 1638 694 1715 quod
716 1638 854 1714 promisit
875 1639 1048 1714 promittere
1072 1637 1246 1716 hlyrrhiuae
1269 1659 1327 1698 nou

255 1737 370 1812 potuit,
403 1736 461 1796 nisi
483 1739 513 1796 id
536 1745 600 1799 erat
621 1746 733 1799 certum
756 1746 848 1820 atque
876 1741 1008 1814 firmum,
1039 1760 1164 1817 puerum
1192 1747 1245 1799 aut
1271 1741 1331 1798 iam

256 1842 426 1916 expositum
442 1859 506 1899 esse
520 1847 573 1901 aut
587 1842 756 1919 expositum
778 1843 832 1901 iri:
856 1842 927 1921 quia
949 1842 1089 1900 nimirum
1111 1841 1185 1900 alias
1206 1861 1331 1918 puerum

255 1941 334 2000 alere
363 1947 428 2002 erat
451 1950 583 2016 coactus,
614 1944 726 2024 quippe
748 1963 836 2023 quern
858 1945 923 2020 ipse
945 1944 1039 2002 filium
1062 1943 1241 2018 agnovisset.
1285 1946 1333 2004 lta

255 2063 320 2103 cum
343 2052 447 2120 postea
468 2065 543 2122 puer
564 2067 625 2106 non
648 2053 727 2107 esset
748 2047 918 2123 expositus,
941 2046 1115 2122 Pamphilus
1137 2064 1208 2106 vero
1231 2051 1332 2107 tacens
1442 2047 1447 2056 '

256 2165 339 2205 suum
363 2166 428 2207 esse
452 2167 574 2224 puerum
598 2149 808 2221 concessisset,
839 2148 953 2207 scilicet
974 2149 1011 2206 de
1033 2150 1210 2224 exponendo
1241 2168 1332 2225 puero

255 2250 380 2308 verbum
402 2251 525 2310 nullum.
570 2252 675 2329 Neque
696 2251 728 2309 id
743 2250 919 2323 contigerat,
943 2250 1023 2328 quod
1039 2250 1196 2327 Myrrhina
1211 2251 1331 2310 omnino

256 2357 457 2426 spectaverat:
492 2371 560 2410 nam
591 2359 671 2411 certe
702 2348 833 2409 ‘iniuria’
864 2349 984 2428 quidem
1013 2351 1131 2427 puellas
1161 2352 1239 2411 facta
1269 2359 1333 2413 erat

257 2451 418 2528 ‘contecta'‚
441 2453 597 2530 Pamphilo
619 2473 691 2513 vero
714 2473 859 2513 summum
881 2453 1100 2512 incommodum
1123 2459 1273 2514 evenerat.

344 2557 482 2636 Denique
497 2557 655 2634 Myrrhina
676 2577 741 2616 cum
757 2555 949 2632 Pamphilum
969 2559 1005 2615 ut
1027 2572 1066 2613 ex
1087 2574 1118 2614 se
1141 2561 1237 2616 ortum
1260 2575 1332 2633 pue·

257 2679 323 2718 rum
346 2659 522 2736 profiteatur
545 2665 611 2719 orat
631 2661 688 2719 hoo
709 2658 808 2718 addit:

465 2765 482 2820 ‘.
507 2806 514 2820 .
537 2806 545 2821 .
568 2761 629 2821 scio
651 2761 762 2820 nemini
786 2759 872 2820 aliter
894 2763 1062 2836 suspectum
1084 2755 1166 2819 lore!

178 2893 182 2900 -
260 2867 302 2924 nt
331 2863 402 2943 quid
432 2865 568 2937 tandem,
599 2863 624 2922 si
654 2862 828 2939 Pamphilus
859 2863 1032 2941 Myrrhinae
1062 2879 1173 2923 morem
1203 2865 1333 2939 gerebat,

260 2968 397 3048 cuiquam
421 2972 589 3043 suspectum
612 2985 676 3026 esse
698 2965 816 3044 potnit?
846 2972 898 3026 aut
920 2965 988 3045 quis
1013 2963 1105 3023 ullam
1135 2965 1333 3041 suspicionem

260 3071 475 3147 praesefert,
499 3089 564 3130 cum
588 3075 727 3146 nepotem
749 3075 851 3129 natum
867 3085 933 3128 esse
950 3066 1126 3127 nuntiatur?
1168 3067 1263 3127 Nemo
1279 3068 1335 3127 sci-

259 3174 346 3234 licet:
377 3193 445 3233 nam
475 3173 511 3232 de
541 3172 690 3248 Phidippo
720 3172 800 3230 infra
828 3169 1004 3249 videbimus.
1048 3167 1146 3244 Igitur
1168 3168 1192 3228 si
1214 3187 1335 3245 praece-

261 3277 364 3337 debat:

466 3377 538 3436 ‘Dic
557 3379 663 3454 amabo
687 3380 784 3436 ortum
813 3385 852 3433 ex
873 3369 921 3447 e’,

262 3481 421 3539 absurdum
443 3484 507 3540 erat
528 3480 601 3539 illud
625 3474 821 3556 ‘suspectum'
1328 3535 1331 3540 .

347 3583 396 3642 Sic
417 3583 509 3642 usin
532 3584 587 3643 hae
609 3583 729 3662 quidem
752 3581 937 3652 coniectura,
970 3578 1105 3657 quamvis
1132 3577 1172 3669 sit
1193 3575 1336 3651 speciosa,

264 3687 365 3745 deesse
388 3703 463 3765 quae
486 3685 702 3746 dubitationem
724 3688 864 3746 moveant
884 3682 1028 3743 videmus.

348 3789 389 3848 Et
410 3787 550 3867 quoniam
577 3788 609 3846 id
638 3787 766 3846 maxime
794 3785 826 3844 in
848 3783 951 3844 critica
979 3788 1042 3844 erte
1070 3783 1254 3862 sequendum
1282 3784 1336 3853 est,

262 3895 298 3951 ut
320 3891 400 3970 quod
422 3890 580 3949 memoriae
609 3889 758 3964 proditum
787 3893 834 3947 ast
859 3905 920 3945 non
950 3892 1062 3946 temere
1091 3888 1254 3956 mutemus,
1285 3883 1337 3941 sed

263 3993 393 4070 primum
422 3996 515 4053 totam
544 4011 605 4050 rem
636 3991 729 4066 probe
758 3988 972 4065 perspiciamus
1002 3991 1034 4046 et
1062 4003 1336 4064 percognoscamus,

264 4099 337 4167 tum,
359 4095 505 4175 siquidem
522 4095 600 4173 quod
617 4093 760 4169 scriptum
776 4096 875 4152 exstat
896 4091 992 4152 teneri
1015 4089 1097 4150 nullo
1120 4089 1207 4148 modo
1229 4089 1338 4165 potest,

335 4231 360 4295 1)
378 4235 403 4291 4,
423 4234 446 4293 ι,
465 4231 574 4279 sa-so.
825 4223 852 4292 a)
870 4229 894 4286 ι,
913 4228 937 4286 ι,
956 4227 1039 4285 eosq.
1111 4302 1130 4338 s

1081 4304 1128 4370 3.
