3266 4772
737 399 928 464 ,6,

297 567 373 634 quae
395 553 542 614 terribilia
564 555 625 614 sint
647 558 736 635 atque
759 554 915 615 horrenda.
959 558 1081 636 Exque
1102 557 1238 637 sequitur
1258 563 1292 619 ut
1308 561 1372 620 Ho-

296 656 363 715 ratii
379 655 444 716 loeo
460 656 508 716 vir
522 659 625 717 doctus
647 657 692 718 uti
707 677 769 716 non
791 657 886 734 possit
909 659 945 717 ad
968 655 1161 719 ‘brevitatem’
1185 662 1371 736 grammatici

298 758 552 838 explicandam1).

383 859 462 924 Quid
484 860 574 921 vero?
611 861 643 920 ui
666 861 822 922 Terentius
844 881 1002 938 personam
1025 882 1097 934 eam,
1121 884 1197 944 quae
1213 866 1245 924 in
1261 865 1374 928 Graeca

297 964 399 1023 fabula
420 964 467 1022 bis
483 964 532 1025 vel
547 967 593 1023 tar
613 964 739 1024 fortasse
762 965 882 1044 aliquod
898 967 1022 1026 verbum
1037 967 1194 1027 Bacchidis
1209 970 1374 1029 narrationi

298 1067 494 1142 interposuit,
526 1067 590 1125 loco
611 1067 833 1140 summovisset,
862 1086 973 1126 numne
995 1069 1025 1126 id
1048 1075 1127 1128 esset
1147 1071 1289 1131 brevitati
1312 1077 1374 1132 stu-

300 1167 386 1228 dere?
431 1167 505 1226 'l'nm
528 1187 599 1228 vero
631 1172 715 1227 estne
744 1169 793 1228 hic
821 1189 884 1228 mos
914 1168 1064 1229 Terentii?
1108 1172 1259 1230 Donatum
1288 1174 1375 1234 aliter

299 1272 430 1330 indicare
453 1289 542 1347 supra
563 1270 702 1330 vidimus.
748 1274 848 1351 Atque
871 1289 903 1329 re
925 1290 1010 1345 vera,
1042 1272 1067 1330 si
1090 1279 1320 1349 spectamus-
1342 1282 1376 1336 ut

300 1375 358 1433 alia
374 1375 508 1434 omittam
530 1407 571 1418 -
593 1374 625 1431 in
645 1374 719 1434 Ηθθ.
735 1375 760 1446 I,
781 1379 794 1431 1
820 1373 988 1447 Philetidis,
1012 1395 1083 1434 mox
1097 1377 1292 1436 Parmenonis
1307 1397 1374 1437 nar-

303 1477 446 1550 rationes,
477 1496 565 1552 porro
589 1477 719 1556 quaein
741 1478 817 1536 Eun.
840 1477 865 1549 I,
890 1483 908 1535 2
940 1476 1032 1536 Thais
1061 1479 1199 1554 exponit:
1229 1501 1373 1560 nusquam

304 1600 380 1653 non,
403 1583 438 1638 ut
459 1578 627 1655 expeditior
648 1579 687 1642 sit
709 1581 800 1653 actio,
823 1579 1045 1641 narrationibus
1068 1600 1085 1638 a
1107 1581 1245 1641 Terentio
1268 1602 1376 1659 panco-

303 1704 368 1744 rum
390 1684 550 1761 verborum
570 1682 917 1751 interfationesmisceri
939 1683 1026 1742 facile
1049 1688 1094 1744 est
1115 1684 1279 1746 intellectu.

389 1785 488 1844 Unum
502 1785 622 1844 videtur
642 1785 781 1864 relinqui,
804 1792 839 1846 ut
860 1786 903 1844 ita
920 1786 1129 1860 intellegamus
1150 1789 1243 1848 verba
1258 1788 1377 1861 Donati,

304 1907 368 1949 esse
399 1907 431 1946 re
453 1905 525 1947 vera
552 1905 586 1946 ea
609 1905 685 1966 quae
706 1888 830 1948 Bacchis
852 1893 953 1949 narrat
975 1888 1007 1947 in
1030 1889 1143 1950 Graeca
1163 1891 1265 1950 fabula
1286 1895 1377 1966 gesta

305 1996 346 2052 At
369 2009 443 2070 quae
466 1995 544 2051 esset
565 1990 618 2048 illa
639 1991 769 2049 insania!
813 1992 893 2051 Illud
915 1993 1073 2052 honestum
1104 1997 1223 2069 poetam
1244 1992 1277 2051 in
1299 2012 1378 2053 scae·

305 2114 374 2154 nam
403 2091 612 2170 produxisse?!
657 2092 730 2152 'lum
761 2094 842 2173 quod
868 2099 932 2155 erat
961 2096 1080 2154 tandem
1103 2096 1231 2156 Graecae
1260 2095 1379 2154 fabulae

306 2202 520 2274 argumentum,
543 2200 595 2256 aut
615 2197 651 2254 ad
668 2201 812 2275 quantum
835 2197 978 2274 temporis
1001 2199 1129 2275 spatium
1150 2196 1290 2275 patebat?
1320 2197 1379 2256 Ne-

306 2300 433 2361 cessario
457 2301 532 2358 duae
553 2289 681 2360 fuissent
700 2299 819 2359 fabulae
841 2306 954 2377 partes,
977 2301 1057 2361 inter
1079 2320 1152 2381 quas
1175 2302 1276 2360 decem
1298 2317 1381 2358 men·

307 2405 383 2466 sium
407 2402 536 2480 spatium
556 2403 781 2463 intercessisset,

393 2506 474 2564 Luce
490 2505 593 2580 igitur
623 2505 730 2564 clarius
759 2510 805 2565 est
831 2506 949 2565 Donato
976 2507 1050 2566 haec
1078 2506 1171 2566 tribui
1197 2525 1258 2564 non
1285 2521 1382 2580 posse,

309 2611 420 2691 quippe
444 2628 531 2687 quem
554 2606 689 2666 acerrimi
717 2607 819 2667 indicii
843 2608 1140 2688 elegantissimaeque
1164 2606 1315 2668 doctrinae
1336 2603 1382 2664 vi·

308 2732 374 2771 rum
396 2711 489 2770 fuisse
511 2710 694 2770 esexcentis
709 2712 912 2770 commentarii
935 2713 1009 2771 locis
1030 2712 1205 2788 intellegere
1226 2709 1382 2788 possimus.

310 2814 434 2876 Accedit
465 2814 544 2893 quod
575 2813 783 2890 grammaticus
812 2813 877 2889 ipse
904 2813 1075 2894 ubicunque
1103 2815 1136 2873 in
1166 2810 1383 2875 commentariis

311 2918 452 2978 Graecam
478 2916 611 2976 fabulam
639 2934 729 2994 qnam
758 2915 914 2976 Terentius
943 2920 1061 2976 secutus
1091 2920 1137 2978 est
1166 2917 1383 2984 commemorat,

311 3021 439 3082 auctoris
455 3018 559 3079 Graeci
581 3051 623 3060 —
647 3019 803 3076 Menandri
819 3019 869 3079 vel
884 3019 1059 3095 Apollodori
1081 3053 1123 3062 -
1145 3038 1254 3078 nomen
1277 3017 1383 3075 addere

312 3125 402 3186 solet:
425 3123 505 3202 quod
527 3139 636 3180 nomen
658 3119 708 3179 bic
731 3121 822 3181 deest.
867 3121 941 3185 Quia
962 3122 1055 3198 igitur
1077 3127 1123 3182 est
1137 3122 1296 3181 verborum
1317 3117 1385 3176 illo·

312 3250 378 3289 rum
393 3223 516 3286 auctor?
555 3225 675 3302 ¹Nempe
697 3223 777 3283 idem
798 3223 848 3283 illa
870 3211 1018 3303 interpres
1040 3224 1089 3284 vel
1111 3224 1205 3282 eidem
1227 3220 1272 3280 illi
1293 3221 1385 3278 inter·

313 3336 420 3408 pratas,
444 3328 496 3409 qni
518 3326 629 3388 totiens
650 3326 714 3388 veri
733 3327 843 3386 Donati
865 3327 1072 3388 adnotationes
1093 3324 1317 3385 incredibilibus
1340 3342 1386 3382 er-

312 3437 430 3498 roribus
452 3436 541 3511 atque
563 3427 686 3505 ineptiis
708 3430 994 3510 contaminaverunt.
1038 3429 1087 3488 Sic
1101 3427 1152 3488 ille
1168 3446 1288 3508 quoque
1304 3445 1387 3486 error

314 3539 416 3598 dubito
447 3555 518 3594 num
541 3535 658 3592 Donato
681 3511 856 3592 tribuendus
879 3533 933 3605 sit,
967 3533 1019 3611 qui
1042 3531 1212 3592 continetur
1241 3531 1273 3590 in
1296 3532 1386 3590 adno-

313 3641 426 3702 tatione
449 3639 485 3696 ad
507 3636 581 3697 Ηθθ.
605 3636 692 3710 Ἣ,
718 3641 774 3695 12:

315 3742 519 3756 ...ι-,ῤ’-

387 3778 411 3843 1)
428 3775 509 3836 Magis
526 3775 552 3820 in
569 3773 618 3820 viri
636 3772 701 3820 docti
719 3772 865 3820 sententiam
883 3769 1015 3831 quadraret
1026 3770 1119 3819 Donati
1136 3769 1262 3818 adnotatio
1280 3769 1312 3816 ad
1323 3767 1386 3814 Eun.

314 3868 360 3925 111,
378 3867 409 3911 4:

375 3952 423 4010 '‘ln
442 3949 489 3995 hoc
506 3947 636 4008 proloquio
661 3946 794 3994 insinuatio
819 3959 940 4004 personae
965 3944 1017 3990 eius
1043 3948 1092 4003 est,
1120 3944 1159 3991 cni
1184 3946 1328 3990 narraturus
1352 3945 1389 3988 est

318 4041 437 4095 Chaerea,
456 4049 519 4094 quae
538 4049 553 4080 a
570 4049 596 4080 se
615 4036 674 4092 post
691 4045 804 4079 scaenam
823 4032 888 4077 laeta
906 4035 970 4077 sunt.
1005 4031 1046 4076 Fit
1058 4035 1139 4077 nutem
1154 4030 1200 4076 hoc
1211 4027 1296 4088 populi
1308 4042 1390 4087 cansa,

317 4131 349 4172 ut
366 4125 533 4184 spectator
551 4118 686 4166 auribus
704 4117 862 4174 accipiat,
889 4116 970 4175 quod
1000 4115 1151 4162 subicere
1170 4113 1277 4161 oculis
1294 4117 1390 4173 poeta

318 4226 377 4258 non
397 4197 523 4270 potuit.'
