3266 4772
689 433 902 498 ‚47-

258 585 298 642 ut
327 602 520 663 quamquam,
554 588 633 666 quod
661 579 714 645 ille
736 589 783 649 vir
805 590 908 649 doctus
937 609 1034 669 neque
1062 591 1133 651 eicit
1160 610 1216 650 nec
1238 596 1334 652 mutat

259 685 428 765 quidquam'
443 705 482 745 ex
504 688 547 746 eis
570 707 645 768 quae
667 690 777 749 tradita
798 695 868 750 sunt
889 697 1008 767 praeter
1030 693 1162 752 ordinem
1184 712 1333 767 versuum,

260 786 369 858 eximie
398 787 510 864 placet,
542 793 642 849 tomen
664 793 700 851 ad
723 793 833 850 bonum
862 792 951 851 finem
982 812 1050 852 eum
1071 812 1133 853 rem
1157 797 1333 870 perduxisse

258 888 331 946 mihi
354 892 532 965 persuadere
553 911 680 972 nequeo.

344 992 391 1050 Ita
413 992 492 1052 enim
514 999 611 1080 totum
633 994 730 1054 locum
753 1014 857 1054 sanare
880 995 953 1069 vult,
977 1001 1012 1057 ut
1032 1017 1137 1058 vorsus

345 1096 428 1154 ‘Nam
457 1096 541 1156 aiunt
569 1101 667 1156 tecum
695 1103 764 1173 post
791 1099 906 1158 duobus
934 1099 1128 1158 concubuisse
1157 1119 1222 1160 eam
1251 1121 1332 1161 men·

1077 1201 1167 1263 sibus.

343 1300 430 1372 Tum,
451 1304 610 1379 postquam
632 1302 668 1365 ad
691 1304 721 1361 to
746 1301 839 1374 venit,
862 1302 972 1362 mensis
995 1303 1093 1378 agitur
1114 1305 1164 1364 hic
1185 1305 1243 1363 iam
1267 1325 1332 1382 sep-

1074 1403 1182 1466 tumus’

258 1509 420 1581 postponat
440 1505 556 1565 verbis:

344 1606 456 1666 ‘Dicam
479 1608 614 1668 abortum
637 1627 715 1667 esse:
738 1609 798 1668 scio
820 1608 932 1668 nemini
956 1610 1042 1670 aliter
1064 1616 1231 1687 suspectum
1256 1612 1329 1684 fore,

343 1706 436 1780 Quin,⁴
456 1710 535 1787 quod
550 1710 614 1770 veri
629 1710 763 1783 similest,
786 1729 825 1769 ex
841 1716 870 1770 te
893 1717 974 1771 recta
991 1732 1058 1770 eum
1080 1717 1182 1771 natum
1206 1711 1333 1792 putent!

258 1811 369 1871 Versus
384 1809 464 1868 onim
487 1810 583 1870 locum
602 1831 690 1890 quem
711 1811 744 1870 iu
767 1812 852 1871 libris
874 1819 996 1873 teneant
1011 1833 1047 1872 ea
1062 1815 1097 1872 de
1113 1833 1201 1874 causa
1223 1816 1332 1875 habere

257 1933 318 1972 non
340 1933 436 1989 posse,
460 1913 531 1992 quia
553 1932 618 1971 curn
641 1913 684 1971 eis
700 1933 776 1993 quae
799 1916 978 1991 praecedant
1001 1921 1030 1976 et
1045 1933 1121 1995 quae
1136 1916 1333 1995 insequuntur

257 2018 338 2075 recte
368 2020 459 2095 atque
490 2021 559 2091 apte
590 2015 740 2075 coniuncti
772 2036 832 2076 uon
863 2017 932 2077 siut.
976 2018 1052 2076 Nam
1083 2019 1266 2094 Myrrhinam
1300 2001 1352 2077 in¹

257 2137 346 2177 versu
362 2123 420 2191 32„
443 2117 633 2194 Pamphilum
655 2118 750 2176 solum
773 2119 921 2177 conscium
939 2137 1003 2176 esse
1025 2118 1061 2176 de
1083 2138 1176 2193 puero
1199 2125 1277 2192 nato,
1300 2121 1332 2178 in

257 2239 347 2281 versu
359 2224 409 2280 35.
421 2241 475 2300 sq„
498 2239 563 2280 sese
579 2221 602 2279 si
619 2220 683 2278 fieri
698 2220 793 2295 possit
807 2223 925 2295 partum
938 2219 1059 2278 omnino
1075 2215 1243 2292 celaturam,
1266 2240 1334 2296 pro-

257 2322 405 2382 nuntiare.
450 2321 516 2386 Quo
538 2323 658 2382 tandem
681 2327 767 2398 poeto
789 2321 851 2380 illic
867 2321 1015 2396 interponi
1033 2339 1120 2396 posse
1134 2323 1226 2381 verba
1248 2323 1331 2382 ‘Nam

257 2419 348 2484 aiunt’
371 2430 444 2497 otc,
477 2425 586 2505 quibus
617 2423 692 2482 alios
722 2443 841 2504 quoque
873 2425 909 2482 do
938 2428 1027 2498 partu
1059 2423 1133 2481 scire
1162 2423 1331 2484 indicetur?

257 2524 332 2582 'l'um
354 2545 413 2606 quo
435 2526 586 2602 pertinere
607 2527 700 2585 verba
730 2524 844 2588 ‘Quod
874 2531 904 2585 te
929 2525 1004 2583 scire
1033 2525 1099 2600 ipso
1120 2524 1233 2584 iudicat
1254 2522 1330 2587 res'?

257 2626 372 2703 Nempe
395 2629 430 2687 od
454 2648 489 2688 ca
511 2648 587 2709 quas
609 2629 802 2703 praecedent:

344 2730 445 2803 ‘Tum‚·
458 2735 614 2810 postquam
637 2730 675 2788 ad
696 2734 726 2788 te
748 2729 839 2801 venit,
863 2728 972 2788 mensis
995 2728 1094 2803 agitur
1114 2729 1164 2788 hic
1185 2730 1243 2788 iam
1265 2749 1330 2807 sep·

1073 2827 1193 2890 tumus!

258 2932 349 2997 Quasi
370 2953 442 2996 vero
465 2935 640 3012 Pamphilus
662 2953 721 3014 quo
743 2937 877 3010 tempore
905 2933 970 3010 ipse
998 2934 1118 3008 nuptias
1144 2929 1249 2995 fecerit
1278 2937 1331 2995 ob·

256 3036 328 3097 litus
350 3055 368 3095 a
390 3057 476 3096 socru
497 3037 528 3096 id
550 3037 590 3096 sit
611 3035 855 3096 commonendus!
877 3069 920 3079 —
949 3036 1086 3112 Denique
1108 3035 1180 3114 quid
1203 3036 1243 3096 sit
1269 3056 1330 3096 res

256 3138 343 3215 ipsa
363 3139 499 3216 intellegi
521 3138 603 3198 nullo
627 3139 714 3198 modo
737 3157 832 3215 posse.

342 3243 476 3302 Remotis
490 3260 562 3302 vero
577 3240 638 3300 illis
653 3239 789 3301 versibus
806 3241 904 3318 quod
927 3246 1061 3316 spectare
1084 3240 1120 3298 ad
1134 3239 1227 3299 verba
1248 3240 1330 3297 ‘Par-

256 3343 350 3402 turire
373 3363 437 3402 eam
460 3363 515 3404 noc
537 3343 690 3418 gravidam
712 3360 777 3400 esse
799 3362 839 3401 ex
860 3337 914 3402 te’:
943 3342 974 3400 id
997 3349 1094 3400 autem
1118 3358 1182 3399 csse
1207 3341 1329 3415 ipsam

148 3520 151 3525 Ι
256 3464 345 3519 rem,
368 3448 447 3525 quod
470 3445 645 3523 Pamphilus
667 3443 837 3504 exclamans
859 3447 885 3502 ‘0
907 3443 1022 3503 facinus
1044 3440 1229 3518 indignuml’
1249 3443 1329 3502 foras

257 3566 321 3607 sese
343 3548 533 3624 proripuerit

342 3650 475 3709 Primum
497 3651 555 3710 hoo
577 3655 680 3712 contra
701 3668 824 3708 moneo:

341 3751 461 3813 Etenim
483 3753 508 3814 si
531 3754 650 3834 quidem
665 3751 842 3811 Oonrodtius
863 3750 906 3810 ita
927 3756 961 3810 ut
982 3750 1068 3808 modo
1090 3747 1219 3810 vidimus
1236 3748 1329 3809 'intel'-

257 3853 332 3929 legit
358 3857 483 3916 verbum
515 3855 640 3925 aiunt,
672 3872 773 3912 nonns
802 3858 940 3929 apparet,
970 3851 1046 3912 illud
1072 3852 1238 3912 necessario
1268 3872 1329 3912 non

257 3956 351 4030 magis
372 3958 429 4017 hoo
451 3957 516 4018 loco
540 3957 707 4033 discrepare
729 3975 795 4014 cum
812 3973 907 4014 -versu

342 4060 503 4121 ‘Parturire
526 4078 591 4118 eom
613 4078 668 4118 uec
690 4058 843 4134 gravidam
870 4075 934 4116 esse
964 4075 1003 4115 ex
1024 4061 1070 4129 te,
1100 4055 1208 4116 solus
1239 4074 1328 4114 con-

1074 4153 1215 4234 sciu’s’‚
