3266 4772
325 641 369 694 Ac
392 657 430 695 ne
452 657 503 696 eos
526 639 660 716 quidem,
691 637 742 716 qui
773 635 944 713 nuperrime
973 635 1030 694 hac
1057 636 1093 694 de
1116 656 1148 695 re
1179 642 1313 710 egerunt,

238 737 400 817 quidquam
434 740 597 816 profecisse
631 758 666 797 eo
701 737 869 797 ostenditur
903 739 983 816 quod
1016 739 1224 828 Wagnerus1)
1256 741 1314 797 hoc

237 841 342 900 habet:
395 875 398 883 ·
975 919 977 922 Ι

324 987 332 1002 .
355 987 362 1003 .
387 988 394 1002 .
418 989 425 1003 .
448 943 505 1002 ‘die
528 943 859 1018 ,‚Schwiegermutter“‚
882 941 950 1001 eine
974 943 1050 1002 nach
1065 941 1232 1019 Apollodor
1253 963 1314 1004 von

238 1046 393 1123 Karystos,
416 1046 493 1105 doch
515 1045 671 1105 vielleicht
692 1044 748 1104 mit
769 1045 944 1118 Zuaiehung
966 1043 1048 1103 eines
1064 1045 1312 1105 Menandrischen

237 1146 361 1206 St‘dolres
383 1147 567 1208 bearbcitete
589 1142 752 1207 Komddie!

323 1251 387 1308 Iam
411 1251 482 1329 quid
506 1250 569 1328 ipse
591 1250 627 1308 ds
650 1249 765 1308 Sidonii
788 1248 961 1308 testimonio
983 1247 1128 1322 iudicem,
1159 1249 1218 1309 erit
1239 1251 1312 1309 mihi

239 1352 457 1439 exponendum.

325 1458 369 1512 Ac
399 1453 530 1530 primum
561 1453 679 1532 quidem
714 1471 828 1511 errasse
860 1451 1042 1530 Geppertnm
1076 1472 1200 1525 censeo,
1235 1455 1313 1534 quod

240 1553 330 1613 etiam
361 1560 440 1615 totas
464 1575 586 1615 scaenas
614 1575 651 1616 ex
675 1550 891 1632 ‘Epitrepontc'
912 1553 1085 1614 Terentium
1107 1554 1139 1613 in
1162 1554 1315 1635 Hecyram

240 1657 434 1716 transtulisse
456 1658 572 1717 Sidonii
594 1657 695 1718 verbis
726 1657 866 1717 ‘fabulum
893 1655 998 1716 similis
1015 1654 1206 1730 ,argumenti
1235 1661 1315 1718 effici

240 1764 334 1835 putat
380 1761 458 1819 Nam
481 1780 516 1820 eo
538 1759 582 1818 uti
614 1759 698 1818 illum
726 1779 835 1833 genere
863 1757 981 1818 dicendi
1012 1777 1071 1838 quo
1099 1760 1195 1818 fusius
1223 1767 1315 1841 atque

240 1861 374 1921 inflatius
395 1862 519 1922 vixdum
542 1862 665 1935 cogitari
689 1861 785 1939 possit
807 1862 878 1920 sotis
901 1862 981 1921 inter
996 1879 1097 1920 omnes
1120 1867 1246 1936 constat,
1268 1869 1311 1936 ut,

239 1963 263 2020 si
287 1964 373 2023 modo
395 1964 455 2023 fide
479 1964 570 2038 digna
592 1984 656 2023 esse
671 1963 798 2024 velimus
813 1983 850 2022 ea
864 1982 940 2042 quae
955 1962 1096 2022 Sidonius
1117 1965 1218 2038 tradit,
1241 1986 1312 2040 non,

239 2065 318 2143 quod
342 2065 510 2143 (leppertus
531 2067 619 2140 facit,
650 2067 775 2140 addere,
800 2067 850 2124 scd
873 2066 1030 2126 detrahere
1052 2066 1152 2127 verbis
1175 2067 1239 2127 eius
1260 2087 1315 2127 nos

239 2173 383 2246 quantum
406 2169 555 2244 possimus
578 2175 724 2247 oporteat.
770 2170 879 2228 Verum
902 2188 941 2227 ne
962 2173 1026 2229 tum
1048 2168 1181 2248 quidem,
1204 2169 1230 2228 si
1252 2191 1314 2230 non

238 2269 283 2327 ita
305 2275 384 2329 esset
406 2270 470 2330 eius
493 2272 589 2331 oratio
612 2275 799 2348 comparata,
834 2271 884 2328 sed
909 2269 1086 2348 simpliciter
1107 2271 1314 2349 Epitrepontis

238 2372 357 2430 fabulae
380 2380 587 2446 argumentum
610 2374 707 2433 simile
724 2374 862 2450 Hecyrae
884 2373 977 2432 tuisse
996 2378 1076 2433 esset
1097 2372 1315 2450 accipiendum,
1420 2377 1422 2384 ’

238 2475 268 2532 id
299 2477 378 2555 quod
409 2473 577 2553 Geppertns
608 2477 675 2535 vult
702 2475 860 2536 confestim
890 2481 1075 2554 sequeretur.
1126 2475 1222 2535 Immo
1255 2476 1314 2535 hoc

239 2582 356 2636 tantum
378 2579 493 2637 sidonii
516 2579 618 2639 verbis
640 2578 787 2651 efficitur,
809 2577 1013 2637 intercessisse
1036 2577 1185 2656 quandam
1208 2578 1313 2636 simili·

238 2679 373 2739 tudinem
394 2681 476 2740 inter
500 2682 701 2741 Menandreae
721 2680 841 2740 fabulae
864 2684 895 2740 et
908 2679 1106 2739 Terentianae
1129 2687 1312 2756 argumento.

241 2781 326 2846 Quod
349 2801 385 2840 co
406 2782 525 2842 facilius
554 2784 619 2842 fieri
642 2784 742 2860 potuit
764 2783 842 2863 quod
872 2801 968 2843 novae
991 2782 1160 2842 comoediae
1183 2783 1313 2844 Graecae

240 2889 354 2960 poetae,
377 2883 467 2944 alieni
490 2887 619 2944 erebus
641 2885 784 2964 publicis,
808 2905 824 2943 e
847 2885 966 2961 private
986 2884 1050 2945 vita
1070 2887 1247 2963 repetebant
1269 2886 1313 2944 fe-

239 2986 376 3045 buterum
406 2987 576 3060 materiem,
610 3007 685 3067 quae
716 2987 852 3067 quamvis
883 2987 1038 3062 ingeniose
1067 2988 1183 3048 variata
1212 2993 1312 3048 tamen

241 3089 365 3148 eandem
387 3110 505 3170 semper
525 3089 657 3150 indolem
684 3108 757 3167 pree
779 3109 811 3148 se
833 3090 927 3149 ferret
955 3096 986 3150 et
1007 3091 1127 3149 eosdem
1149 3095 1314 3150 ostentaret

240 3210 434 3269 personarum
457 3213 562 3252 mores.

326 3293 512 3376 Quemquam
535 3314 596 3353 non
619 3293 806 3368 negaverim,
837 3294 969 3354 residere
990 3293 1104 3373 aliquid
1126 3293 1312 3354 difficultatis

239 3398 271 3456 in
294 3397 414 3459 verbis:
442 3403 570 3476 ‘quoque
593 3396 758 3456 absolutius
779 3396 938 3473 rhythmos
960 3397 1090 3457 comicos
1112 3395 1238 3455 incitata
1260 3397 1312 3455 do·

241 3499 356 3558 uilitate
383 3496 566 3580 sequeretur’
596 3505 669 3572 etc,
703 3498 813 3578 quippe
837 3500 944 3579 quibus
971 3519 1005 3558 ea
1027 3499 1152 3559 indicari
1175 3499 1313 3559 videatur

241 3602 411 3662 fabularum
439 3601 619 3675 similitudo,
652 3620 728 3680 quae
758 3623 818 3661 non
848 3602 944 3662 solum
965 3602 997 3661 in
1019 3589 1312 3678 totius'argumenti,

240 3727 345 3767 verum
368 3688 459 3766 etiam
487 3704 519 3763 in
542 3723 714 3765 scaenarum
737 3725 966 3785 sermonumque
988 3705 1223 3765 conformatione
1245 3726 1312 3767 ver-

241 3815 332 3872 setur.
375 3809 432 3868 Sed
456 3807 535 3866 enim
558 3807 616 3866 fide
645 3807 733 3884 plane
763 3807 920 3882 indignum
949 3828 1013 3868 esse
1035 3806 1149 3866 Sidonii
1178 3809 1312 3868 testimo-

242 3913 342 3984 nium,
370 3909 395 3969 si
418 3909 609 3969 difficultates
632 3911 819 3970 extrinsecus
842 3929 961 3990 qnoque
985 3915 1176 3970 occurrentes
1197 3901 1311 3985 gravie-

242 4017 331 4076 simas
353 4012 600 4092 reputaverimus,
622 4019 725 4072 nostro
747 4012 813 4072 iure
836 4011 1092 4091 concludemus2).

311 4150 336 4219 1)
355 4154 444 4200 Heaut.
464 4150 521 4198 edit.
541 4153 616 4198 tata.
635 4149 713 4209 prael.
731 4162 754 4210 p.
770 4152 809 4196 11.

311 4238 336 4304 2)
354 4240 447 4287 Tamen
465 4239 490 4286 ln
509 4252 538 4285 eo
556 4237 617 4284 nihil
635 4240 673 4284 est
691 4234 847 4295 offensionis,
872 4235 937 4293 quod
963 4248 1052 4290 nomen
1078 4234 1175 4284 tabulae
1198 4233 1312 4282 Sidonius
