3266 4772
677 365 890 480 -nsss

332 571 397 645 Ego
422 567 510 630 etiam
532 569 651 629 illorum
675 589 739 632 esse
761 572 838 631 hano
853 571 970 648 eulpam
994 571 1103 631 oredidi
1128 591 1202 650 quae
1225 576 1255 632 te
1277 576 1322 632 eet

961 669 1062 749 penes'
1074 674 1102 751 ¹)
1112 695 1119 734 :
1141 707 1183 716 —

246 795 318 834 mox
339 775 375 834 de
397 775 555 851 Pamphilo
577 775 620 836 ita
640 775 769 836 iudioatz

261 933 265 940 ,
331 877 437 936 ‘Multo
460 877 544 953 prins
566 877 639 938 soivi
663 897 751 957 quam
773 881 821 951 tu,
844 877 929 937 illum
952 877 1075 937 amioam
1096 878 1218 950 habere,
1241 879 1323 956 Myr·
1437 910 1441 922 ·

962 980 1057 1052 rhina,

331 1081 440 1142 Verum
462 1081 495 1140 id
510 1081 617 1142 vitium
633 1101 787 1161 nunqnam
802 1081 919 1142 decrevi
935 1101 999 1142 esse
1014 1101 1070 1157 ego
1086 1081 1321 1142 adulescentiae:

330 1184 406 1242 Nam
428 1183 458 1241 id
480 1184 661 1244 innatumst:
692 1189 723 1244 at
744 1184 794 1260 pol
816 1184 875 1242 iam
898 1185 1008 1261 aderit,
1038 1203 1069 1243 se
1092 1203 1211 1264 quoque
1233 1183 1321 1243 etiam

962 1305 1051 1364 quom
1075 1281 1236 1361 oderit'²):
1259 1319 1301 1328 -

245 1394 364 1464 postea:

332 1490 371 1549 ‘Si
395 1491 526 1550 modeste
549 1508 582 1548 ae
604 1507 671 1548 raro
694 1490 752 1548 hoo
773 1489 853 1562 feeit,
876 1508 976 1548 nonne
999 1489 1184 1550 dissimulare
1209 1509 1264 1549 nos

334 1592 431 1668 Magis
457 1592 663 1665 humanumst,
686 1598 781 1670 'quam
806 1592 875 1650 dare
898 1610 1016 1668 operam
1039 1592 1069 1650 id
1092 1591 1168 1650 seire
1191 1592 1243 1672 qui
1267 1611 1322 1651 nos

963 1692 1079 1753 oderit?

330 1798 406 1855 Nam
429 1794 454 1854 si
475 1795 501 1852 is
523 1800 625 1871 posset
644 1796 681 1854 ab
705 1813 740 1853 ea
762 1814 826 1856 sese
849 1796 1009 1871 derepente
1031 1795 1169 1870 avellere,

332 1898 464 1962 Quaonm
482 1900 528 1957 tot
542 1902 715 1958 consuesset
731 1917 832 1972 annos,
856 1917 917 1957 non
932 1916 999 1956 eum
1014 1899 1164 1959 hominem
1181 1899 1319 1958 duoorom

332 2002 395 2061 Neo
415 2000 513 2061 virum
536 1999 608 2058 satis
629 1999 745 2058 firmum
768 1996 884 2076 gnatae'
897 1998 937 2079 ³).

245 2106 314 2164 Hoc
334 2123 406 2163 vero
437 2102 585 2179 imprimis
611 2103 773 2162 notandum
797 2108 858 2176 est,
890 2103 979 2162 etiam
1001 2103 1031 2161 in
1055 2106 1177 2182 quartae
1200 2121 1323 2162 soaenae

245 2206 333 2267 initio
356 2206 482 2265 eundem
505 2223 569 2264 sese
591 2207 741 2280 praestare
764 2205 960 2280 Phidippum,
989 2205 1101 2284 quippe
1124 2205 1175 2284 qni
1199 2203 1321 2263 Laoheti

247 2309 340 2368 dieatt

332 2409 460 2469 ‘Nullam
482 2408 587 2502 dehis
608 2410 697 2468 rebus
719 2409 835 2485 oulpam
859 2408 1033 2468 aommeruit
1054 2411 1126 2467 tuae

331 2516 358 2572 Δ
382 2512 538 2590 Myrrhina
558 2512 632 2571 haee
654 2517 724 2571 sunt
746 2531 811 2571 mea
833 2530 927 2570 uxore
951 2516 1056 2570 exorta
1078 2511 1234 2588 omniun).

248 2615 342 2679 Quam
365 2633 452 2687 vero,
482 2635 548 2674 oum
570 2613 685 2674 Laches
707 2614 878 2690 vituperare
900 2618 931 2673 et
953 2613 1111 2690 obiurgare
1133 2614 1321 2690 Pamphilum

246 2717 408 2793 inoeperit,
440 2716 538 2776 subito
569 2736 691 2792 prorsus
719 2716 810 2774 alium
841 2735 904 2775 sese
932 2715 1070 2792 praebet!
1113 2717 1232 2775 Etenim
1262 2734 1321 2773 non

248 2820 351 2893 solum,
374 2837 552 2898 quamquam
574 2819 639 2894 ipse
662 2818 698 2876 de
719 2837 752 2877 re
775 2819 895 2877 omnino
917 2818 1049 2878 incertus
1072 2822 1124 2892 est,
1147 2819 1236 2880 dioit:

336 2921 437 2980 ‘Plane
459 2921 508 2980 hie
530 2921 661 2981 divinat:
682 2939 751 2978 nam
773 2921 802 2978 id
825 2918 921 2999 est'‚⁵)

251 3043 356 3083 verum
373 3023 461 3084 etiam
484 3026 554 3098 post
568 3023 693 3082 Laoheti
716 3027 817 3083 narrat
831 3023 910 3102 quod
932 3023 1043 3083 fastum
1060 3041 1124 3084 esse
1139 3023 1220 3082 nnllo
1236 3024 1323 3081 modo

249 3131 363 3202 potest:

335 3229 412 3287 ‘Non
435 3227 541 3286 mirum
563 3227 637 3288 feeit
657 3247 743 3300 uxor,
767 3228 791 3286 si
814 3228 871 3286 hoo
893 3245 980 3301 aegre
1003 3227 1081 3287 tulit.

334 3333 460 3388 Amarae
483 3329 623 3389 mulieres
647 3335 731 3390 sunt:
754 3349 815 3389 non
837 3329 924 3389 faoile
947 3330 1022 3389 haee
1042 3331 1154 3389 ferunt.

334 3433 498 3506 Propterea
519 3431 593 3490 haee
614 3433 703 3491 irast:
726 3451 793 3490 nam
815 3432 882 3507 ipsa
903 3432 1037 3492 narravit
1058 3429 1189 3509 mihi'i).

249 3536 325 3592 Nam
347 3533 466 3612 qnando
489 3537 541 3592 aut
562 3553 639 3592 uxor
661 3539 712 3593 aut
734 3532 808 3607 filia,
837 3533 985 3609 Pamphili
1009 3552 1073 3593 esse
1096 3533 1229 3609 eulpam,
1252 3531 1322 3590 Phi-

249 3635 339 3711 dippo
369 3633 519 3694 narravit?
553 3655 618 3694 eum
642 3636 766 3695 ineunte
788 3654 894 3695 seaena
916 3653 933 3692 a
956 3635 1112 3712 Myrrhina
1134 3639 1238 3694 exorta
1259 3654 1323 3694 esse

250 3737 349 3796 omnia
364 3740 498 3796 testetur.
541 3739 656 3818 Neque,
680 3738 704 3796 si
726 3739 757 3796 id
779 3738 839 3796 iam
855 3742 1036 3814 compertum
1053 3737 1213 3809 habuisset,
1236 3737 1322 3796 initio

249 3843 309 3898 tam
332 3838 462 3913 benigne
485 3845 516 3899 et
536 3840 723 3900 familiariter
745 3841 781 3899 ad
797 3839 986 3914 Pamphilum
1009 3839 1082 3897 haee
1101 3838 1217 3899 loeutus
1233 3845 1324 3898 esset:

319 3989 419 4052 1)1111‚
440 3996 461 4050 1,
477 3993 586 4040 rr-eo.
793 3988 817 4057 a)
837 3991 895 4038 rore.
916 3991 1025 4038 ao-aa.

319 4073 345 4138 a)
363 4074 421 4122 inin.
441 4078 551 4125 er-sr.
792 4073 818 4142 4)
836 4077 894 4134 1111,
913 4079 936 4134 4,
956 4077 1048 4125 o-ro.

318 4159 344 4223 a)
362 4157 422 4208 tote.
442 4162 481 4208 rs.
791 4160 817 4225 e)
834 4162 893 4210 aare.
913 4162 1022 4211 ar-ao.
