3266 4772
754 447 967 513 ..26-

411 607 492 680 ‘Ego
516 603 680 680 Pamphile,
703 621 767 662 esse
790 602 954 676 internos,
978 601 1003 661 si
1025 601 1090 662 fieri
1114 603 1220 676 potest,

411 707 604 765 Adfinitatem
625 706 702 764 hanc
725 723 796 764 sane
819 708 992 782 perpetuam
1017 704 1099 764 volo:

409 807 460 867 Sin
484 813 584 867 estut
605 807 693 867 al‘ter
714 813 766 867 tua
788 807 845 868 siet
867 806 1024 879 sententia,

411 909 546 985 Accipias
569 906 711 986 puerum'.
725 911 754 986 ¹)

324 1011 391 1071 Sint
413 1011 465 1091 qui
487 1011 599 1070 dicant:
628 1015 678 1072 ‘At
699 1013 763 1088 ipse
786 1011 952 1088 Phidippus
974 1031 1034 1091 quo
1057 1011 1143 1069 modo
1166 1010 1218 1069 fiat
1240 1011 1275 1068 ut
1298 1026 1396 1068 secum

323 1116 367 1173 ita
388 1113 544 1174 dissentiat
565 1114 705 1190 exponit,
737 1135 802 1174 cum
826 1120 930 1191 postea
951 1113 1108 1190 Pamphilo
1131 1113 1253 1172 absente
1276 1109 1398 1168 Lacheti

325 1214 418 1275 dieat:

411 1319 582 1393 ‘Propterea
603 1319 678 1377 haec
699 1319 787 1378 irastr
810 1337 877 1376 nam
900 1318 966 1395 ipsa
988 1317 1121 1377 narravit
1142 1315 1226 1375 mihi.

410 1420 445 1477 Id
468 1438 523 1494 ego
545 1419 601 1503 hoc
623 1423 780 1496 praesente
802 1419 857 1479 tibi
881 1419 1032 1482 nolueram
1056 1415 1172 1478 dicere’.
1187 1419 1216 1494 ²)

325 1521 484 1582 Simulavit
506 1541 576 1597 ergo
593 1541 669 1601 quae
691 1526 760 1582 ante
782 1523 860 1582 dixit
881 1530 912 1582 et
934 1522 970 1581 de
993 1521 1079 1598 culpa
1100 1520 1205 1579 uxoris
1227 1524 1258 1580 et
1280 1521 1316 1578 de
1339 1538 1399 1579 ser-

325 1624 422 1682 vanda
444 1620 609 1684 affinitate?

412 1730 454 1787 At
475 1746 632 1806 nusquam,
654 1728 712 1786 nisi
736 1727 837 1786 omnia
857 1747 903 1784 me
925 1725 1048 1798 fallunt,
1071 1724 1181 1784 hocin
1204 1724 1333 1785 Terentii
1356 1727 1399 1783 fa-

325 1826 403 1886 bulis
424 1828 585 1901 invenitur,
609 1829 743 1889 consulto
767 1829 896 1909 aliquem
912 1848 978 1888 cum
994 1827 1074 1887 aliud
1091 1827 1170 1886 dicat
1185 1826 1265 1886 aliud
1281 1827 1398 1900 sentiat,

324 1928 425 1988 fucum
455 1929 539 1990 altori
568 1931 612 1989 ita
640 1931 753 2004 facere,
788 1937 822 1990 ut
850 1935 1031 2006 spectatores
1059 1948 1178 2008 quoque
1208 1948 1307 2008 neque
1336 1949 1399 1988 esse

323 2030 457 2090 fraudem
479 2052 534 2091 nec
550 2034 659 2110 quade
680 2053 713 2092 re
735 2034 775 2092 sit
789 2032 946 2094 confestim
967 2031 1142 2106 intellegere
1159 2037 1278 2112 queant.
1313 2031 1399 2095 Quod

326 2135 365 2193 ut'
380 2135 502 2209 probem
532 2135 676 2195 nonnulla
704 2135 776 2194 mihi
800 2134 937 2212 exempla
957 2135 1065 2194 afferre
1094 2135 1190 2194 liceat.
1234 2135 1332 2193 Unum
1353 2137 1401 2193 est

327 2255 366 2294 ex
383 2238 494 2296 Andria
507 2236 545 2315 ⁸),
568 2238 618 2296 ubi
642 2240 745 2300 Davus
768 2258 871 2299 servus
888 2239 1071 2298 Chremetem
1097 2235 1222 2313 decipit:
1244 2255 1347 2296 verum
1370 2236 1400 2294 id

328 2358 445 2400 servum
468 2339 499 2398 in
523 2345 622 2401 mente
643 2343 753 2401 habere
776 2346 835 2400 tam
858 2341 1025 2400 luculenter
1039 2358 1078 2398 ex
1093 2345 1266 2415 argumento
1281 2337 1399 2396 fabulae

327 2449 460 2517 apparet,
484 2448 519 2502 ut
540 2448 722 2519 spectatores
740 2463 779 2502 ue
794 2444 949 2503 minimum
966 2443 1085 2522 quidem
1107 2441 1249 2518 temporis
1271 2439 1399 2516 spatium

326 2549 378 2603 aut
400 2545 472 2624 quid
493 2547 570 2606 velit
591 2547 692 2607 Davus
720 2551 772 2605 aut
798 2547 989 2626 quamobrem
1011 2544 1086 2605 velit
1115 2544 1231 2620 possint
1254 2542 1399 2600 dubitare.

326 2646 423 2720 Magis
444 2647 542 2708 elucet
563 2650 620 2708 hoc
641 2650 673 2707 in
697 2649 789 2708 altero
812 2649 886 2722 loco,
910 2647 959 2728 qui
978 2650 1024 2707 est
1036 2646 1068 2706 in
1085 2647 1229 2706 Eunucho
1244 2643 1398 2720 fabula⁴):

324 2748 376 2806 ubi
400 2750 526 2826 Pythiae
547 2752 629 2811 fraus
657 2772 717 2811 non
739 2751 833 2811 solum
865 2770 903 2810 ex
925 2751 991 2827 ipsa
1013 2750 1129 2810 actione
1152 2747 1236 2829 quasi
1259 2746 1399 2817 nascitur,

325 2851 375 2908 sed
399 2850 487 2910 etiam
510 2853 556 2912 his
578 2854 678 2914 verbis

411 2955 483 3030 ‘Ego
506 2956 557 3034 pol
579 2960 608 3016 te
630 2976 684 3033 pro
707 2957 773 3017 istis
795 2956 882 3016 dictis
904 2961 935 3016 et
956 2957 1051 3028 factis,
1074 2955 1178 3026 scelus,

411 3056 551 3132 Ulciscar‚
573 3063 607 3118 ut
629 3077 666 3118 ne
688 3059 811 3134 impune
832 3059 863 3117 in
887 3078 942 3118 nos
965 3054 1154 3134 inlusefis’⁶)

326 3159 414 3234 plane
435 3161 670 3235 praenuntiatur.

412 3262 529 3323 Tertius
550 3264 630 3324 locos
653 3270 699 3325 est
719 3265 751 3322 in
774 3264 944 3344 Hecyrae),
968 3283 1033 3322 cum
1049 3260 1224 3337 Pamphilus
1239 3261 1398 3318 Parmeno·

327 3384 408 3438 nem,
440 3384 477 3423 ne
499 3366 551 3426 ille
573 3367 768 3426 Philumenae
797 3368 897 3427 audiat
924 3365 1118 3444 parturientis
1145 3363 1317 3436 clamorem,
1348 3361 1399 3418 ab·

325 3467 413 3543 legat.
458 3469 497 3527 Et
519 3488 695 3548 quamquam
719 3474 875 3546 spectator,
899 3469 971 3549 quin
987 3467 1162 3544 Pamphilus
1182 3466 1313 3524 fraudem
1337 3484 1399 3523 mo·

326 3569 430 3644 hatur,
464 3591 524 3631 non
552 3578 651 3648 potest
681 3572 816 3631 dubitare
838 3603 880 3615 -—
904 3570 974 3650 quia
996 3574 1056 3629 tam
1077 3569 1174 3627 facete
1202 3571 1292 3644 poeta
1317 3566 1398 3625 illam

327 3692 461 3732 scaenam
485 3675 691 3751 composuitl)
716 3708 755 3717 -
786 3680 886 3734 tamen
909 3672 1065 3732 Terentius
1086 3670 1275 3747 Pamphilum
1298 3669 1398 3729 claris-

326 3775 409 3834 simis
430 3777 531 3836 verbis
554 3778 624 3858 quid
647 3777 788 3846 facturus¹
802 3777 841 3836 sit
862 3775 1050 3853 profitentem
1073 3773 1202 3833 inducit:

397 3945 421 4009 1)
439 3947 497 4006 1111,
516 3950 540 4004 4,
561 3949 668 3996 13-16.
890 3943 915 4009 2)
933 3944 993 3992 ibid.
1011 3946 1043 3993 89
1057 3957 1093 4002 sq.

394 4031 420 4095 3)
438 4032 496 4091 ΙΙΙΙ,
513 4033 537 4078 4.
887 4026 914 4095 4)
932 4031 963 4089 V,
981 4032 1006 4077 4.

396 4115 593 4184 &mna
885 4112 1017 4178 &Mt

397 4203 422 4269 7)
440 4204 472 4251 ct.
490 4217 565 4265 supra
583 4217 607 4264 p.
622 4204 637 4249 3
656 4202 712 4251 adn.
727 4205 750 4250 1.
