3266 4772
674 439 887 503 ..31-

329 595 485 654 deinde:
507 595 582 653 Nam
604 593 657 653 illa
679 595 793 654 duobus
817 593 967 673 mensibus
989 596 1059 669 post
1079 593 1199 669 nuptias
1220 598 1317 654 tecum

244 697 412 757 concubuit.

255 838 259 842 -
328 805 421 859 tum:
446 798 494 857 Illi
516 817 588 859 vero
611 801 711 874 patres
725 797 798 876 quia
819 796 909 854 filiam
932 801 1029 856 tecum
1052 817 1113 856 non
1135 799 1234 858 statim
1250 819 1319 859 con-

244 901 380 961 cubuisse
402 901 553 976 nesciunt,
583 900 607 960 si
630 899 696 960 fieri
718 903 833 977 potest,
868 899 1018 975 peperisse
1042 917 1105 958 eam
1129 901 1250 961 omnino
1274 922 1319 962 ce-

244 1001 349 1074 lantor‚
373 1008 407 1062 ut
428 985 504 1079 puer
525 1001 621 1079 possit
643 1001 764 1079 exponi.

330 1105 413 1164 Haec
439 1105 588 1164 artissime
618 1105 661 1164 ita
690 1103 927 1179 coniunguntur,
959 1109 994 1164 ut
1015 1109 1046 1164 et
1066 1103 1146 1164 inter
1167 1124 1199 1165 se
1221 1107 1321 1165 omnia

245 1204 356 1282 optime
371 1207 526 1285 quadrent,
548 1226 645 1286 neque
669 1206 832 1291 quidquam
854 1207 890 1263 ad
912 1226 976 1264 rem
991 1207 1028 1264 de
1043 1226 1103 1285 qua
1118 1207 1217 1281 agitur
1231 1208 1320 1285 plane

244 1306 449 1382 explicandam
466 1309 669 1368 necessarium
687 1308 879 1368 desideretur.
924 1307 1023 1371 Quare
1046 1313 1112 1368 acta
1133 1316 1243 1385 ageret,
1266 1311 1317 1390 qui

244 1408 276 1466 in
298 1409 355 1468 hoc
376 1410 441 1470 loco
464 1416 630 1486 temporum
651 1409 796 1470 rationem
812 1409 1002 1485 explanaret:
1025 1429 1122 1489 neque
1139 1411 1191 1471 ille
1205 1432 1318 1487 versus,

246 1509 271 1569 si
293 1529 329 1569 ea
350 1512 386 1571 de
408 1530 497 1570 causa
525 1511 721 1588 interpositus
744 1518 822 1571 esset
850 1512 1034 1592 haberetque
1056 1530 1121 1571 eam
1142 1533 1230 1592 quam
1253 1515 1319 1574 Fie-

244 1611 345 1672 litaius
366 1614 433 1673 vult
456 1614 532 1688 vim,
555 1615 722 1674 abundaret
744 1612 854 1687 solum,
885 1614 936 1674 sed
959 1613 1049 1674 etiam
1073 1619 1174 1690 aperte
1197 1618 1320 1676 confuu-

246 1715 328 1775 deret
350 1716 564 1776 sententiarum
586 1735 696 1776 nexum
719 1721 808 1796 atque
830 1718 1028 1793 perturbaret.

331 1817 435 1894 Pergit
455 1818 503 1879 vir
525 1819 637 1891 doctus,
660 1817 712 1878 illo
734 1838 824 1880 versu

332 1919 420 1978 ‘Tum
441 1926 600 2000 postquam
621 1922 661 1980 ad
675 1926 706 1981 te
720 1921 806 1981 venit
828 1921 937 1981 mensis
960 1922 1057 1997 agitur
1078 1923 1127 1982 hio
1145 1923 1205 1982 iarn
1221 1930 1321 2000 septu·

1064 2021 1146 2099 mus',

245 2123 422 2201 interposito
444 2125 555 2185 lactum
578 2144 651 2196 esse,
673 2131 709 2185 ut
731 2145 792 2184 non
812 2125 871 2184 iam
894 2132 1131 2201 cognosceretur,
1154 2129 1247 2189 verba

335 2225 432 2289 ‘Quod
454 2233 484 2286 te
507 2227 582 2286 scire
604 2229 670 2303 ipsa
691 2226 804 2286 indicat
824 2221 881 2286 res’

246 2329 396 2405 pertinere
418 2331 455 2388 ad
476 2349 597 2390 versum
620 2335 677 2390 33:
840 2397 842 2404 Α
1035 2401 1040 2412 ¹

332 2432 422 2490 ‘Nam
444 2432 488 2491 ait
508 2437 606 2492 tecum
628 2437 697 2507 post
718 2432 834 2490 duobus
857 2432 1051 2492 concubuisse
1073 2433 1244 2494 mensibus)

247 2537 289 2593 At
310 2534 382 2613 quid
404 2534 523 2594 tandem
546 2533 735 2612 Pamphilum
764 2534 840 2594 scire
868 2553 916 2594 res
937 2534 1066 2595 iudicat?
1111 2535 1319 2596 Philumenam

246 2635 321 2694 illud
349 2635 481 2696 dixisse?
525 2635 648 2695 Minime
678 2655 764 2697 vero:
794 2655 863 2694 nam
885 2655 903 2695 a
924 2636 1043 2696 nemine
1064 2638 1238 2713 Pamphilus
1265 2641 1322 2700 hac

248 2738 284 2796 de
306 2756 338 2797 re
360 2738 459 2814 potuit
480 2738 589 2798 certior
608 2738 683 2798 fieri.
727 2742 776 2796 An
793 2738 890 2812 etiam,
912 2737 1010 2814 ipsum
1033 2739 1148 2799 duobus
1170 2741 1322 2801 mensibus

247 2844 316 2914 post
343 2841 464 2916 nuptias
486 2861 552 2901 cum
576 2859 611 2900 ea
633 2840 842 2914 concubuisse,
872 2841 904 2899 id
926 2861 993 2901 eum
1016 2841 1090 2902 scire
1119 2861 1168 2902 res
1189 2843 1321 2905 indicati

248 2943 289 3000 ht
311 2960 387 3021 quae
409 2946 487 3002 esset
514 2943 567 3001 illa
589 2941 722 3002 insania!
766 2944 861 3002 Immo
885 2943 1005 3002 omnino
1034 2943 1087 3003 illa
1108 2947 1201 3006 verba
1228 2946 1320 3022 perti-

247 3048 322 3102 nent
343 3044 379 3103 ed
400 3063 505 3105 versus
526 3045 732 3121 praecedentis
754 3047 846 3106 verba
866 3047 956 3106 baec:

334 3146 500 3206 ‘Parturire
522 3167 587 3206 eam
608 3166 663 3207 nec
684 3147 835 3224 gravidam
858 3167 922 3207 esse
945 3168 983 3208 ex
1005 3145 1044 3209 te'

247 3247 385 3328 Denique
407 3250 450 3310 ita
471 3250 621 3311 concludit
641 3251 688 3312 vir
711 3251 819 3311 doctus·
837 3252 1082 3327 explicationem:
1105 3252 1165 3312 illis
1182 3253 1320 3314 omnibus

247 3353 337 3410 rebus
364 3351 475 3412 iactum
503 3372 582 3426 esse,
613 3357 648 3413 ut
675 3352 709 3412 in
730 3358 930 3427 versones,
962 3374 1049 3434 quem
1078 3360 1168 3432 poeta
1196 3355 1238 3415 ita
1260 3356 1321 3414 edi-

250 3453 357 3513 disset:
388 3496 395 3502 -

335 3555 453 3616 ‘Dicam
474 3559 528 3616 abs
549 3561 580 3617 ts
602 3561 699 3618 ortum
722 3555 795 3618 esse'

247 3657 393 3734 irreperet
413 3659 488 3718 illud
509 3661 617 3720 falsum

336 3761 453 3822 ‘Dicam
475 3764 612 3823 abortum
634 3759 717 3824 esse’.

250 3860 329 3925 Quid
350 3863 442 3924 vero?
485 3867 552 3926 Hoc
580 3866 673 3942 igitur
700 3867 787 3927 modo
815 3866 1101 3944 interpolatum
1130 3873 1177 3929 est
1197 3871 1321 3931 verbum
1400 3928 1403 3936 1

249 3965 388 4026 ‘abortus'
410 3987 445 4026 ac
466 3987 528 4027 non
549 3987 603 4044 per
624 3987 656 4027 se
676 3967 736 4028 fuit
750 3970 969 4030 necessarium?
1014 3971 1119 4030 Videte
1134 3971 1217 4030 illum
1234 3992 1321 4053 quern

249 4067 296 4127 vir
319 4069 422 4130 doctus
444 4090 506 4130 non
528 4072 650 4132 damnat
669 4090 788 4133 versum
812 4077 868 4138 33:
