3266 4772
711 457 923 540 744--

281 614 457 689 promissum
487 617 632 690 praestet,
666 615 701 673 de
724 633 817 690 puero
846 619 915 674 nato
946 612 1023 671 nihil
1051 614 1273 683 commemorat,
1304 630 1355 671 eur

280 735 405 774 uxorem
428 716 544 776 amittat
567 716 654 774 aliam
677 715 765 790 fingit
786 735 910 775 eausam.

367 822 409 878 At
430 837 502 877 vero
525 823 683 898 postquam
706 818 873 895 Phidippus
896 818 1046 896 peperisse
1062 815 1269 875 Philumenam
1291 815 1355 874 ani·

281 919 441 979 madvertit
462 919 679 998 Lachetemque
702 920 774 981 feeit
795 920 958 991 certiorem,
982 917 1154 994 Pamphilus
1170 918 1293 999 eiusque
1310 937 1355 978 so·

283 1040 365 1094 erus,
389 1041 455 1081 eum
479 1022 514 1079 de
537 1022 643 1080 abortu
667 1022 766 1081 dieant
788 1021 878 1096 nihil,
902 1042 962 1081 non
985 1026 1019 1081 ut
1040 1040 1095 1097 par
1117 1026 1207 1099 atque
1231 1039 1355 1079 eonsen·

281 1127 402 1182 tansum
435 1128 481 1182 est
511 1140 599 1198 agere
627 1124 777 1184 videntur.
828 1129 928 1203 Atque
955 1124 1037 1182 illam
1067 1125 1102 1183 de
1134 1142 1226 1198 puero
1257 1127 1354 1182 taeere

283 1225 407 1284 vixdum
435 1225 558 1299 mirere,
590 1226 661 1306 quia
682 1228 718 1284 ad
741 1227 945 1304 Pamphilum,
976 1231 1011 1286 ut
1032 1227 1079 1286 eui
1102 1227 1195 1284 maior
1216 1224 1289 1284 fides
1312 1243 1357 1284 es·

284 1332 344 1399 set,
376 1345 492 1385 omnem
521 1346 583 1386 rem
613 1327 787 1388 contulerat.
831 1328 888 1388 Sed
910 1347 949 1386 ne
971 1329 1155 1406 Myrrhinam
1179 1328 1297 1407 quidem
1319 1327 1356 1386 ti·

286 1429 411 1503 muisse,
434 1450 471 1489 ne
495 1431 530 1490 de
554 1429 669 1505 origine
691 1431 776 1507 pueri
798 1431 842 1488 illi
867 1432 1028 1511 quidquam
1051 1431 1286 1509 suspicarentur,
1318 1449 1358 1488 ex

285 1551 320 1591 eo
350 1538 489 1610 apparet,
526 1535 606 1612 quod
634 1534 752 1610 fugiens
783 1533 920 1594 maritum
934 1534 960 1611 ¹)
993 1553 1054 1592 non
1083 1533 1127 1593 ita
1156 1551 1255 1593 seeum
1285 1531 1357 1591 deli-

285 1636 370 1696 barat

440 1742 489 1798 ‘ex
510 1760 569 1819 quo
592 1759 659 1799 eum
682 1743 784 1800 natum
808 1736 936 1799 dieam?'
957 1773 999 1783 -

286 1841 336 1900 sed
360 1839 416 1900 sie:

441 1943 480 2001 ‘id
503 1963 562 2024 qua
585 1963 672 2004 eausa
693 1944 767 2003 elam
790 1962 837 2001 me
858 1942 998 2003 habuisse
1020 1939 1146 2004 dieam?’
1191 1973 1193 1978 ·

287 2045 397 2103 Verum
421 2045 577 2123 Pamphilo
608 2065 741 2126 quoque,
774 2045 913 2125 quoniam
937 2045 1103 2123 Phidippus
1130 2065 1254 2123 puerum
1276 2045 1359 2106 vide·

287 2152 346 2221 rat,
378 2147 403 2205 si
433 2165 500 2205 eum
530 2149 664 2207 abortum
699 2167 762 2208 esse
793 2147 931 2220 dixisset,
963 2166 1018 2207 nae
1046 2148 1115 2206 fidei
1144 2153 1234 2228 atque
1259 2152 1359 2206 aueto-

287 2249 385 2309 ritatis
414 2251 492 2325 apud
515 2255 629 2326 patres,
661 2269 758 2329 neque
781 2249 952 2326 exponendi
973 2253 1075 2325 partus
1096 2250 1204 2309 fuisset
1225 2267 1292 2325 spes
1313 2267 1359 2307 re-

286 2351 372 2411 lieta:
396 2371 484 2432 quam
505 2352 689 2413 abiciendam
711 2354 770 2414 iam
792 2358 861 2414 ante
876 2352 1050 2426 intellegere
1065 2352 1172 2432 potuit,
1195 2371 1261 2411 oum
1276 2354 1360 2411 tanto

289 2455 395 2530 gaudio
419 2460 561 2535 tantaque
576 2455 729 2533 voluptate
744 2456 812 2516 illos
828 2457 966 2532 exoipere
981 2460 1121 2530 nepotem
1136 2454 1260 2514 videret.
1304 2453 1362 2511 Illa

288 2556 381 2632 igitur
404 2577 456 2634 spe
479 2562 595 2635 erepta,
627 2559 749 2619 oonsilio
773 2564 871 2619 autem
893 2558 1001 2630 altero,
1025 2562 1059 2616 ut
1081 2557 1184 2615 matris
1205 2554 1363 2614 inimicitia

289 2664 445 2734 praetenta
466 2680 591 2719 uxorem
615 2661 790 2734 dimitteret,
814 2665 936 2737 propter
957 2659 1079 2719 liberale
1102 2659 1250 2718 Sostratae
1273 2663 1361 2736 atque
1462 2707 1464 2712 ,

290 2760 446 2820 continens
473 2762 626 2838 ingenium
656 2763 770 2824 abieoto
799 2763 870 2844 quid
899 2762 989 2822 faeiat
1011 2761 1147 2820 nesciens
1168 2777 1363 2840 quaeeunque

290 2882 378 2922 eausa
405 2863 433 2921 ei
460 2865 493 2923 in
521 2870 650 2925 mentem
678 2865 763 2925 venit
790 2884 853 2924 eam
882 2865 1009 2941 profert:
1044 2863 1187 2942 primum:
1218 2860 1362 2921 eiusmodi

291 2985 429 3041 uxorem,
453 2986 529 3047 quae
552 2969 702 3045 peperisse
726 2986 790 3027 sese
812 2967 951 3028 maritum
973 2967 1062 3039 celet,
1087 2964 1243 3024 manifesto
1266 2981 1363 3043 neque

292 3089 359 3128 eum
382 3070 493 3130 diutius
515 3071 652 3129 maritum
680 3088 778 3151 neque
800 3089 839 3128 ex
861 3089 896 3129 eo
918 3069 1028 3128 liberos
1049 3067 1143 3129 velle:
1173 3071 1252 3139 tum,
1282 3070 1363 3141 post·

292 3193 380 3253 quam
404 3178 490 3251 pater
511 3173 619 3233 aeriter
641 3174 800 3250 obiurgans
831 3192 897 3231 eum
920 3160 950 3231 id
973 3191 1063 3230 unum
1094 3168 1177 3250 sequi
1201 3167 1362 3239 oontendit,

291 3279 327 3334 ut
347 3296 440 3335 uxore
462 3281 560 3336 amota
582 3296 648 3335 oum
669 3277 815 3337 Baeehide
837 3279 961 3336 utente
983 3274 1075 3346 vivat,
1097 3270 1270 3348 Pamphilus

378 3375 488 3452 ‘Dabo',
511 3377 618 3456 inquit,
641 3378 695 3437 ‘ius
717 3378 872 3438 iurandum
896 3377 939 3437 nil
955 3395 1018 3435 esse
1040 3375 1164 3434 istorum
1187 3368 1266 3432 tibi':
1283 3371 1364 3449 Δ)

292 3484 392 3540 tamen
415 3481 538 3540 Laeheti
568 3499 685 3540 eausam
714 3481 848 3557 possenti
879 3486 969 3560 atque
997 3479 1069 3535 adeo
1099 3474 1262 3551 flagitanti,
1294 3474 1364 3554 quid

292 3582 351 3640 iam
374 3585 506 3660 proferat
526 3583 638 3644 inseius

379 3687 456 3748 ‘Non
479 3690 524 3747 est
545 3704 624 3744 nune
646 3682 810 3762 tempus'l)

293 3788 461 3865 respondet.

380 3891 517 3971 Denique
540 3892 654 3952 Laches
676 3889 808 3967 praecise

365 4132 390 4197 ι)
407 4136 432 4191 4,
453 4135 475 4192 1,
495 4133 568 4180 1-e.
857 4122 883 4193 s)
902 4128 926 4185 4,
945 4126 969 4183 ι,
989 4125 1029 4172 ro.

364 4222 392 4288 a)
410 4219 469 4288 ibid,
489 4220 529 4267 rr.
