3266 4772
749 471 791 482 -
836 434 880 503 ffl
925 471 966 482 -

321 610 410 671 quam
432 591 603 671 ubicunque
625 591 672 652 vir
696 592 798 651 doctus
825 591 898 649 illud
928 588 1072 667 reponat?
1115 590 1210 647 Immo
1239 587 1328 661 vero',
1362 591 1397 648 ut

321 711 375 751 nos
398 694 526 768 supra¹)
549 692 779 768 explicavimus,
807 691 880 751 illud
904 692 1015 751 siunt
1035 689 1268 765 intellegendum
1291 694 1337 749 eet
1359 689 1395 747 de

321 792 498 852 Philumena
521 798 610 874 atque
632 795 826 852 Parmenone.

406 896 500 954 Porro
532 895 695 956 rectissime
729 896 830 955 docuit
858 896 1050 968 Conradtius,
1081 895 1160 974 quod
1191 913 1247 953 nos
1276 912 1395 973 quoque

322 996 453 1074 eupra‘)
484 996 707 1056 constituimus:
734 998 859 1057 verbum
882 999 979 1076 quod
1002 996 1152 1073 pertinere
1174 997 1210 1054 ad
1234 996 1395 1055 ‘Parturire

321 1117 384 1156 eam
407 1117 462 1157 nec
484 1098 635 1174 gravidam
659 1117 722 1158 esse
746 1118 784 1156 cx
806 1096 855 1159 te.'
899 1097 985 1162 Quod
1009 1117 1187 1179 quamquem
1211 1097 1313 1157 eiectis
1334 1097 1395 1155 illis

320 1197 456 1259 versibus
477 1201 572 1275 magis
594 1200 721 1276 perspici
743 1200 872 1260 libenter
893 1203 1032 1274 concedo,
1055 1206 1155 1260 tamen
1173 1219 1278 1258 uersus
1300 1218 1335 1258 ca
1356 1200 1393 1258 ds

321 1320 408 1361 causa
436 1300 501 1361 loco
530 1302 642 1363 moveri
666 1305 803 1378 oportere
825 1321 913 1377 nego.
956 1303 1032 1361 Nam
1055 1308 1086 1362 et
1107 1302 1187 1379 apud
1209 1306 1323 1361 ceteros
1346 1321 1395 1360 co·

321 1402 414 1462 mices
442 1408 472 1462 et
500 1405 577 1480 apud
600 1403 770 1464 Terentium
801 1404 918 1479 saepius
946 1422 981 1462 ea
1009 1404 1130 1462 licentia
1158 1402 1327 1472 invenitur,
1359 1409 1394 1462 ut

321 1503 485 1564 interiectis
507 1506 709 1581 compluribus
730 1505 865 1566 versibus
887 1524 1050 1581 pronomen
1067 1504 1330 1564 demonstrativum
1345 1504 1394 1564 vel

320 1603 478 1665 relativum
500 1608 647 1667 referatur
668 1609 705 1666 ad
720 1612 790 1668 ante
805 1610 1040 1667 commemorata.
1086 1605 1173 1670 Quod
1188 1606 1244 1666 etsi
1259 1607 1395 1682 pluribus

322 1706 468 1782 exemplis
489 1707 607 1767 firmare
622 1727 752 1785 possum,
775 1729 867 1767 unum
883 1713 1001 1784 praeter
1016 1715 1114 1768 cetera
1128 1708 1311 1768 luculentum
1327 1728 1395 1784 pro·

321 1807 427 1868 tulisse
457 1813 504 1868 eat
529 1810 642 1883 habeo,
676 1812 756 1891 quod
778 1811 876 1871 estin
898 1803 1035 1870 uersibus
1055 1811 1145 1869 huius
1166 1810 1285 1870 fabulae
1305 1810 1342 1883 V,
1367 1815 1394 1884 1,

326 1911 467 1969 17-23:

407 2016 416 2044 ‘
417 2054 580 2072 ......
603 2013 655 2075 La.
686 2015 787 2074 Meum
808 2019 943 2091 receptae
967 2015 1062 2074 filium
1083 2017 1120 2075 ad
1142 2021 1172 2076 te
1195 2016 1393 2092 Pamphilum.

1240 2119 1292 2177 Be.
1314 2118 1372 2176 Ah.

407 2215 460 2275 La.
482 2215 552 2276 Sine
568 2217 680 2279 dicam:
700 2237 825 2278 uxorem
847 2221 924 2280 hanc
940 2220 1023 2296 prius
1039 2239 1127 2300 quam
1144 2220 1238 2293 duxit,
1260 2224 1393 2281 vostrum

933 2341 1062 2382 amorem
1085 2322 1204 2400 pertuli.

407 2421 510 2481 Mane:
533 2440 593 2480 non
616 2422 685 2480 dum
709 2422 797 2482 etiam
814 2424 876 2482 dixi
892 2424 921 2482 id
938 2425 1018 2503 quod
1032 2423 1124 2486 volui.
1145 2425 1195 2485 hic
1210 2445 1289 2485 nunc
1303 2426 1394 2485 habet

932 2545 1071 2586 uxorem:

410 2623 527 2687 Quaere
547 2624 637 2684 alium
661 2626 716 2684 tibi
739 2626 907 2701 firmiorem,
931 2629 999 2686 dum
1017 2629 1072 2689 tibi
1088 2634 1205 2707 tempus
1220 2631 1392 2691 consulendi

932 2735 992 2792 est:

406 2828 482 2886 Nem
497 2846 602 2909 ¹neque
624 2831 675 2889 ille
697 2830 753 2888 hoc
776 2831 874 2890 animo
903 2833 961 2892 erit
982 2838 1121 2907 aetatem,
1153 2855 1250 2916 neque
1278 2838 1330 2915 pol
1359 2845 1393 2900 tu

935 2935 1036 2994 eadem
1058 2936 1117 2997 iste
1132 2942 1237 3000 aetate.

322 3103 324 3107 Ι
404 3033 456 3092 Ba.
480 3032 555 3097 Quis
569 3033 600 3092 id
616 3030 676 3094 ait?
713 3032 765 3092 La.
787 3034 903 3095 Scarus.
940 3037 992 3098 Ba.
1008 3039 1114 3098 Mene?
1152 3042 1203 3102 La.
1227 3041 1268 3102 Te
1283 3042 1392 3119 ipsum:

933 3143 964 3200 et
985 3141 1075 3200 filiam
1098 3144 1223 3204 abduxit
1244 3165 1335 3220 suam,

406 3240 596 3319 Puerumque
617 3240 656 3299 ob
679 3257 743 3298 eam
764 3258 826 3298 rem
851 3241 924 3300 clem
947 3243 1052 3318 voluit
1074 3251 1161 3307 naurs
1184 3247 1234 3328 qui
1259 3253 1315 3322 est,
1339 3268 1392 3307 ex·

932 3344 1102 3421 stinguere!

318 3444 396 3503 Nam
417 3443 593 3504 Bacchidem
615 3463 681 3503 cum
705 3449 829 3524 quaerat
850 3446 935 3511 ‘Quis
957 3449 987 3507 id
1009 3447 1083 3509 ait?'
1103 3451 1200 3512 redire
1222 3457 1258 3514 ad
1281 3457 1393 3517 emman

318 3546 351 3604 in
373 3565 462 3607 versu
486 3547 535 3606 17.
558 3545 585 3604 ei
608 3546 755 3607 obiectum
778 3552 910 3622 apparet.
932 3581 971 3592 -
1003 3551 1107 3631 quue
1129 3553 1227 3616 minus
1248 3559 1305 3618 hoc
1326 3559 1391 3620 loco

318 3646 351 3705 in
374 3666 409 3706 ea
429 3667 461 3707 re
484 3646 691 3706 offendendum
713 3649 839 3723 videtur,
863 3652 943 3730 quod
965 3653 1053 3713 etiem
1075 3653 1120 3713 illi
1144 3657 1200 3716 duo
1224 3659 1276 3738 qui
1298 3659 1392 3720 inter·

319 3749 429 3808 cedunt
449 3767 554 3809 versus
581 3749 735 3825 pertinent
761 3753 850 3810 adid
874 3755 953 3832 quod
975 3760 1045 3813 ante
1068 3756 1179 3818 dictum
1201 3764 1280 3821 erat:
1311 3763 1391 3822 ‘Par-

318 3848 412 3909 turire
434 3866 498 3907 cem
521 3868 577 3910 nec
598 3849 749 3926 gravidam
771 3871 836 3913 esse
858 3873 898 3914 ex
919 3852 967 3916 tel

405 3948 518 4013 Quodsi
539 3953 601 4014 illis
615 3953 751 4015 versibus
772 3955 958 4033 interpositis
974 3960 1132 4039 quominus
1155 3965 1254 4044 quod
1277 3973 1393 4043 spectet

320 4053 357 4113 ed
374 4073 492 4115 versum
509 4059 560 4116 82.
582 4075 643 4115 non
665 4056 834 4133 impeditur,
857 4060 888 4118 id
904 4079 1023 4141 quoque
1045 4062 1166 4125 minime
1189 4066 1310 4126 dubium
1326 4088 1391 4132 esse

390 4189 509 4258 unm
880 4177 1043 4262 mpm'
