3266 4772
724 438 940 504 -14-

293 593 423 671 denique
446 592 638 688 Apollinaris
655 592 835 670 Sidonius1)
857 596 932 654 haec
954 595 1115 655 memoriae
1137 595 1253 673 prodit:

378 696 493 772 ‘Nuper
515 713 569 767 ego
592 693 732 773 filiusque
755 696 919 755 communis
936 696 1116 756 Tarentinae
1132 699 1270 776 Hecyrae
1293 698 1370 757 sales

292 795 532 867 ruminabamus,
567 797 698 855 studenti
728 797 894 856 assidebam
916 806 1040 858 naturae
1063 800 1227 858 meminens
1250 805 1281 859 et
1301 819 1370 877 pro-

293 897 434 957 fessionis
458 897 578 969 oblitus,
602 917 720 978 quoque
737 898 902 958 absolutius
920 901 1078 978 rhythmos
1095 900 1222 960 comicos
1244 901 1370 960 incitata

293 999 446 1059 docilitate
468 1007 660 1078 sequeretur,
689 1002 754 1078 ipse
776 1001 907 1060 fabulam
930 1003 1034 1061 similis
1057 1003 1240 1076 argumenti,
1271 1003 1302 1060 id
1325 1009 1371 1064 est

293 1102 522 1180 Epitrepontem
546 1103 711 1175 Menandri,
735 1103 766 1160 in
790 1103 929 1162 manibus
950 1101 1115 1163 habebam!

258 1257 262 1262 .
380 1203 513 1262 Primum
537 1205 630 1277 igitur
652 1205 769 1264 dicatur
790 1206 826 1264 de
841 1205 974 1264 Sidonio.
1022 1206 1157 1271 Quantos
1172 1226 1243 1267 vero
1258 1206 1311 1266 ille
1326 1209 1370 1267 eis

294 1306 368 1366 viris
400 1306 511 1378 doctis,
543 1306 593 1386 qui
608 1288 742 1382 spraeter
770 1312 884 1366 ceteros
914 1307 947 1366 in
974 1309 1031 1367 hae
1054 1309 1229 1388 quaestione
1258 1311 1368 1372 versati

294 1410 371 1482 sunt,
395 1408 462 1466 dico
485 1408 692 1481 Ritschelium,
716 1408 908 1486 Gsppertum,
930 1393 1193 1486 Dalatalronem2),
1218 1412 1369 1472 molestias
1483 1473 1485 1476 .

294 1509 448 1570 exhibuit!

378 1615 455 1672 Nam
477 1611 661 1671 Ritsohelius
691 1613 811 1692 quidem
840 1612 954 1672 Sidonii
984 1613 1155 1673 testimonio
1185 1615 1259 1674 adeo
1291 1635 1369 1675 eom-

294 1720 391 1774 motus
420 1720 481 1786 est,
513 1728 547 1772 ut
568 1715 654 1774 litem
684 1735 781 1795 neque
809 1715 841 1773 in
864 1717 943 1774 hane
971 1735 1067 1796 neque
1095 1716 1127 1774 in
1150 1715 1232 1775 illam
1254 1724 1369 1795 partem

296 1818 464 1894 disceptare
487 1836 577 1874 ausus
596 1816 791 1876 iniudicatam
812 1817 1005 1897 relinqueret.
1050 1822 1191 1877 Attamen
1215 1838 1264 1891 ea,
1294 1839 1370 1900 qnae

294 1918 325 1976 in
348 1921 460 1978 haere
483 1917 604 1978 maximi
629 1924 700 1976 suut
716 1920 868 1990 momenti,
891 1919 976 1977 illum
998 1918 1128 1995 primum
1151 1925 1233 1979 recte
1256 1921 1370 1995 signifi·

294 2041 376 2080 casse
397 2021 477 2080 infra
500 2019 682 2080 ridebimus:
714 2039 809 2100 eoque
830 2021 925 2094 magis
947 2020 1106 2094 miramur,
1130 2022 1209 2101 quod
1234 2022 1302 2081 viae
1324 2023 1369 2081 in-

294 2123 462 2182 stituendae
484 2122 595 2181 finibus
618 2127 678 2180 tom
696 2128 834 2182 accurate
850 2123 1084 2200 circumscriptis
1100 2123 1277 2201 Geppertus,
1302 2145 1369 2184 cum

294 2225 420 2285 nimium
449 2225 584 2284 tribuens
607 2224 719 2283 Sidonii
750 2225 924 2284 testimonio
956 2225 1174 2284 contaminasse
1197 2227 1368 2286 Terentium

298 2327 469 2405 Apollodori
487 2326 637 2403 Hecyram
652 2327 788 2387 adhibita
804 2327 959 2386 Menandri
982 2327 1084 2386 fabula
1099 2347 1176 2406 quae
1193 2328 1371 2388 inscribitur

293 2421 517 2506 Ἐπιτρέιοντες
532 2435 643 2488 temere
659 2429 841 2507 opinaretur,
864 2429 936 2489 adeo
953 2448 1056 2491 avaro
1072 2430 1229 2489 aberrarit.
1253 2430 1370 2490 Deinde

295 2531 440 2591 Daiatslro
470 2551 529 2590 non
561 2532 658 2589 minus
687 2530 797 2591 leviter
824 2551 887 2590 rem
917 2531 1067 2591 tractavit.
1111 2533 1188 2589 Nam
1211 2537 1369 2613 postquam

296 2634 337 2712 (p.
356 2634 395 2692 76
408 2653 452 2712 sq.
475 2633 543 2692 adn.
559 2635 610 2714 19)
633 2633 750 2692 docuit:

382 2740 449 2809 „An
466 2735 514 2793 die
528 2726 750 2812 Ἐπιτρὲποντες
765 2735 817 2794 des
832 2736 998 2794 Menander
1012 2736 1052 2793 ist
1067 2735 1128 2794 also
1147 2734 1204 2794 als
1220 2738 1369 2815 Haupt·

298 2837 470 2912 original
492 2856 546 2910 gar
567 2838 652 2897 nicht
674 2857 711 2896 ιιι
734 2833 883 2898 denken”:
906 2872 947 2880 -

383 2945 451 3017 post
472 2938 514 3015 (p.
532 2939 584 3017 80)
600 2942 682 2999 'haec
704 2941 836 3016 profert:

383 3086 390 3102 .
415 3088 422 3104 .
446 3087 452 3101 .
475 3041 574 3115 .'„ich
589 3060 659 3114 war¹
673 3041 796 3101 deshclb
819 3047 892 3101 stets
914 3042 1036 3116 geneigt
1057 3042 1276 3114 anaunehmon,
1300 3041 1368 3100 dass

297 3145 345 3205 die
360 3147 481 3223 Hecyra
496 3163 549 3202 aus
567 3144 641 3205 zwei
658 3144 865 3219 griechischen
880 3145 1011 3204 Stiieken
1030 3143 1371 3217 zusammengearbeitet

298 3249 350 3309 sei.
394 3248 493 3308 Schon
517 3248 593 3306 oben
621 3248 674 3305 bin
697 3247 747 3306 ich
769 3249 823 3306 auf
843 3235 944 3307 diesen
968 3247 1069 3306 Punkt
1090 3267 1128 3306 au
1151 3247 1296 3322 sprechen
1320 3265 1370 3320 ge·

296 3353 434 3411 lrommen
463 3349 525 3408 und
554 3348 604 3407 ich
633 3350 711 3408 habe
741 3350 903 3422 bewiesen,
934 3351 1022 3408 dass
1050 3347 1296 3423 wenigstens
1326 3367 1369 3406 an

297 3453 359 3512 die
380 3445 670 3529 Ἐπιτρέποντες
698 3453 763 3511 des
785 3453 997 3511 Menander
1026 3453 1091 3511 auf
1118 3452 1256 3511 keinen
1287 3451 1372 3510 Fall

297 3575 342 3614 ιιι
365 3556 513 3614 denken
537 3555 622 3614 sei.“

383 3661 426 3716 At
447 3677 537 3735 supra
558 3658 589 3716 id
612 3662 743 3730 tantum,
772 3657 864 3716 fuisse
893 3647 1116 3734 Ἐιιτρέιονιες
1137 3655 1269 3715 fabulam
1291 3653 1370 3732 pri,-

298 3759 458 3820 marium
482 3761 618 3837 Hecyrae
640 3759 807 3837 exemplar,
839 3756 975 3832 negavit!
1018 3759 1128 3818 Tamen
1154 3757 1238 3836 quasi
1261 3776 1309 3816 res
1332 3756 1372 3814 sit

297 3867 364 3922 acta
386 3883 424 3921 ne
445 3880 505 3921 nno
527 3863 619 3923 verbo
641 3863 767 3940 posthac
789 3853 1011 3938 Ἐπιτρέποντες
1034 3864 1252 3919 commemorat

369 4099 395 4163 1)
413 4100 456 4148 lib.
468 4099 528 4147 1111.
545 4099 617 4158 epist.
629 4098 685 4146 XII.

368 4182 393 4256 θ)
411 4185 520 4244 Bitschl,
538 4184 648 4244 Parerga
667 4185 716 4233 326
730 4199 765 4244 sq.
802 4184 912 4244 Geppsrt
929 4184 946 4230 l.
959 4185 976 4232 l.
997 4197 1025 4243 p.
1038 4183 1096 4231 566.
1132 4179 1254 4228 Dalatako
1272 4179 1288 4226 l.
1302 4179 1320 4226 1.
