3266 4772
685 447 898 512 ..11-

252 608 348 668 solum
380 603 607 665 adnotationum
637 623 753 677 aarum,
787 623 860 683 quas
891 581 1100 662 edidaaoaliis
1126 601 1243 673 hausit,
1278 601 1330 661 sad

253 727 355 768 earnm
380 725 497 787 quoque
520 725 594 786 quas
616 706 681 782 ipse
703 706 894 784 interposuit.
939 705 993 764 (ini
1024 703 1122 764 ordini
1151 702 1328 762 illustrando

252 813 310 869 hae
332 809 452 870 tabulae
475 812 563 886 aptae
585 813 691 868 erunt:

253 1004 289 1059 Δ.
334 997 436 1058 Ordo
459 996 762 1056 adnotationum
785 1016 800 1055 e
824 995 1068 1055 didasoaliis
1090 995 1328 1084 haustarum.
1441 997 1450 1006 “

342 1120 367 1176 1.
390 1117 426 1175 de
449 1115 570 1175 nomine
591 1122 699 1192 poetae
722 1121 753 1178 et
774 1115 901 1175 tabulae.

339 1225 366 1278 2.
390 1219 426 1276 da
449 1217 570 1276 nomine
593 1217 700 1276 Gnaeoi
722 1221 829 1295 poetae
851 1216 1105 1296 (exemplaninqne
1128 1211 1256 1288 Gnaeoi).

341 1327 370 1379 3.
393 1320 510 1386 Quibus
531 1318 610 1378 ludis
632 1317 735 1378 fabula
757 1324 825 1378 aeta
847 1318 895 1378 sit.

340 1427 368 1482 4.
392 1421 450 1488 Qui
473 1427 625 1480 curatores
646 1420 784 1480 ludorum
807 1421 931 1482 fuerint.
986 1438 990 1446 ’

331 1516 370 1585 ’5.
394 1523 469 1590 Quia
492 1522 657 1600 primarum
679 1522 810 1599 partium
833 1528 919 1582 aotor
939 1523 1040 1583 fuerit.

298 1675 301 1680 .
343 1634 371 1687 6.
394 1624 468 1689 Quis
491 1625 594 1684 modos
616 1625 732 1684 feeerit.

342 1730 370 1789 7.
393 1726 504 1791 Quales
525 1726 618 1786 tibiae
640 1727 794 1787 adhibitae
817 1726 886 1786 sint.

343 1837 371 1891 8.
395 1831 431 1888 de
454 1848 579 1889 numero
602 1829 731 1889 fabulae.

341 1939 369 1991 9.
394 1932 453 1999 Qui
476 1931 613 1992 eonsules
635 1933 757 1992 fuerint.

324 2041 370 2100 10.
392 2036 429 2095 de
451 2040 570 2095 eventu.

361 2225 395 2284 B.
441 2223 541 2282 Ordo
565 2223 865 2282 adnotationum
886 2241 905 2280 a
927 2222 1081 2281 Donato
1102 2221 1232 2281 inter·

677 2325 908 2408 positarum.

292 2465 318 2522 a.
341 2451 442 2505 utrum
463 2444 565 2503 fabula
587 2445 629 2503 sit
649 2444 777 2504 motoria
799 2463 836 2502 an
860 2443 983 2503 stataria
1013 2449 1044 2501 et
1065 2443 1101 2500 da
1125 2441 1266 2502 universo
1289 2443 1333 2500 fa-

343 2547 432 2607 bulae
454 2552 640 2620 argumento.

292 2653 321 2710 b.
344 2650 392 2710 oui
414 2667 560 2726 personae
583 2649 645 2708 sint
666 2648 780 2726 primae
802 2652 911 2725 partes,
934 2647 982 2707 oui
1006 2647 1152 2706 sanandae
1176 2649 1231 2705 eto.

295 2772 319 2812 o.
342 2753 378 2812 de
400 2751 534 2830 prologo.

293 2855 320 2914 d.
343 2854 380 2913 de
400 2853 523 2931 protasi,
546 2853 661 2930 epitasi,
686 2853 885 2930 catastrophe.

297 2977 321 3018 e.
345 2957 382 3016 de
405 2955 528 3032 propria
549 2954 668 3014 fabulae
691 2955 921 3029 signifieatione.

206 3081 209 3084 ·
302 3059 323 3118 f.
346 3059 382 3118 de
405 3056 550 3120 diverbiis
574 3062 606 3116 et
627 3057 762 3118 aantiois.

294 3180 321 3235 g.
345 3180 421 3242 quae
443 3158 504 3218 sint
526 3159 556 3217 in
579 3159 682 3219 fabula
704 3149 871 3236 προτατικᾶ
893 3149 1049 3236 πρόσωπα.

295 3263 327 3323 h.
349 3259 469 3338 proprie
492 3266 604 3321 notata.

302 3364 322 3422 i.
347 3363 383 3422 de
405 3362 523 3422 fabulae
547 3362 729 3422 oeconomia.

262 3466 344 3531 Quas
366 3465 575 3536 adnotationes
597 3465 734 3524 Donatus
763 3464 806 3524 ita
828 3463 988 3524 ooniuuxit
1009 3468 1040 3522 et
1062 3461 1197 3532 misouit,
1228 3465 1263 3518 ut
1285 3459 1336 3518 hio

261 3568 302 3628 sit
323 3568 394 3627 ordo
418 3586 520 3628 aarum
541 3567 573 3625 in
595 3566 832 3645 praefationibus
854 3564 1025 3624 adhibitus:

348 3669 458 3732 Anda:
505 3677 533 3730 1.
556 3675 584 3730 2.
608 3669 708 3728 abad
733 3673 750 3726 8
775 3668 878 3728 34567
903 3672 920 3724 9
943 3667 1040 3740 efgh

288 3835 294 3842 ,
348 3771 445 3830 Eum:
506 3778 532 3831 1.
557 3776 586 3831 2.
609 3771 742 3830 abodi
775 3770 878 3829 34567
908 3773 944 3827 10
968 3769 1129 3842 fghaea

348 3872 422 3934 Ad:
505 3872 727 3948 1.2.abiad
773 3871 1015 3944 sattgseh

349 3974 440 4032 Hae:
503 3982 530 4034 1.
554 3981 582 4034 2.
607 3973 726 4032 abied
772 3973 875 4031 34567
898 3973 973 4046 fgh

349 4076 485 4134 Phorm.:
507 4083 533 4136 1.
558 4082 587 4136 2.
610 4075 719 4148 abag
775 4075 877 4166 3‘4567
902 4073 1029 4132 faaih
