3266 4772
662 514 877 580 ..49-

228 671 339 742 potest,
372 668 446 747 quin
470 669 570 730 vorbis
592 689 652 729 res
673 669 756 746 ipsa
777 669 889 730 factum
912 670 1062 748 Pamphili
1084 688 1175 747 supra
1197 687 1308 728 memo·

228 775 326 829 ratum
348 769 539 844 signifioetur.

314 871 405 930 Nulla
433 871 525 947 igitur
553 892 592 931 ex
621 878 707 951 parte
734 875 930 935 neeessariam
961 895 1026 936 asse
1054 893 1119 933 eam
1149 891 1238 954 quam
1260 872 1308 932 vir

230 973 334 1032 doetus
356 973 422 1033 vult
443 994 582 1034 versuum
612 976 818 1037 traieotionem
845 978 1014 1040 effeoimus:
1044 995 1098 1051 age
1127 995 1207 1035 nune
1235 995 1306 1034 num

229 1094 333 1135 versus
353 1075 406 1161 ubi
428 1075 480 1136 ille
503 1095 554 1136 eos
575 1084 669 1153 ponet
690 1079 787 1139 looum
809 1079 919 1142 habere
941 1079 1059 1155 possint
1078 1059 1241 1138 uideamus.

316 1181 416 1256 Atque
445 1179 545 1238 neseio
569 1198 607 1238 en
629 1180 724 1256 primo
748 1181 854 1243 obtutu
875 1180 984 1260 aliquis
1006 1180 1119 1256 optime
1142 1179 1242 1239 omnia
1263 1180 1307 1239 ita

231 1278 389 1338 ooniunota
410 1298 475 1340 esse
497 1280 624 1342 iudioet:

315 1381 428 1440 ‘Dioam
450 1402 574 1458 puerum
597 1385 733 1443 abortum
756 1403 833 1457 esse,
856 1383 928 1463 quia
949 1383 1061 1443 nemini
1083 1383 1114 1442 id
1136 1367 1305 1460 suspectum

230 1481 304 1542 erit:
336 1482 426 1542 immo
457 1488 537 1544 reete
559 1519 602 1528 -
624 1503 803 1565 quemquam
834 1488 1084 1560 praemature-
1106 1505 1145 1544 ex
1175 1489 1205 1544 te
1237 1503 1305 1543 enm

230 1588 332 1642 natum
359 1585 515 1660 putabunt.
559 1588 649 1646 Nam
679 1588 763 1648 aiunt
792 1606 856 1646 eam
887 1591 985 1646 teoum
1008 1587 1123 1646 duobus
1153 1586 1304 1646 mensibus

230 1689 299 1761 post
325 1687 445 1761 nuptias
467 1689 656 1750 dormivisse:
686 1678 830 1767 septimus
851 1708 923 1750 varo
947 1695 993 1750 est
1014 1694 1172 1768 postquam
1194 1688 1251 1749 tibi
1273 1688 1304 1746 in

229 1788 449 1850 matrimonium
472 1790 541 1849 data
562 1794 608 1850 est
629 1787 756 1850 mansis’

315 1891 403 1949 Nune
419 1909 490 1952 varo
513 1891 538 1950 si
561 1897 674 1967 septem
697 1893 842 1972 meusium
865 1892 971 1952 fnisset
992 1891 1221 1966 matrimonium,
1245 1911 1305 1951 ma·

229 1991 319 2052 ritum
340 1997 439 2052 autam
462 2011 515 2069 par
531 1994 603 2053 duos
619 2013 735 2054 menses
757 2014 853 2058 uxore
867 1994 1048 2056 abstinuisse
1063 2001 1148 2071 pater
1163 2013 1305 2075 sooerque

230 2093 355 2166 seirent,
385 2114 469 2170 num,
503 2115 629 2175 quaeso,
659 2097 724 2156 fieri
747 2097 867 2156 omnino
889 2103 1006 2174 posset,
1036 2102 1070 2156 ut
1090 2115 1215 2173 puerum
1243 2097 1304 2156 ullo

227 2196 317 2254 modo
339 2215 356 2256 a
378 2197 536 2273 Pamphilo
559 2204 639 2258 reete
662 2206 765 2257 natum
787 2196 1006 2275 eraderent?¹)
1046 2199 1206 2258 Praeterea
1225 2199 1305 2258 unde

117 2343 123 2352 .
229 2298 318 2357 etiam
340 2299 384 2357 illi
407 2318 470 2358 eam
495 2318 560 2358 oum
576 2300 733 2377 Pamphilo
757 2305 828 2359 tuno
850 2300 967 2359 demum
991 2300 1165 2360 dormivisse
1188 2299 1305 2360 intelle·

230 2398 320 2474 gunt?
342 2420 407 2459 oum
430 2401 498 2478 ipsa
519 2400 620 2459 fabula
636 2401 809 2479 Myrrhinae
832 2406 863 2461 et
877 2401 1071 2461 Philumenae
1086 2401 1304 2481 Pamphiloque

230 2501 323 2560 solum
340 2504 555 2563 Parmenonem
571 2503 720 2564 eonsoium
737 2522 802 2562 esso
818 2504 966 2582 dooest')
1009 2503 1118 2583 Itaque
1139 2502 1187 2566 vir
1201 2504 1304 2563 doetus

230 2603 352 2662 eandem
369 2604 597 2681 disorepantiam
612 2625 701 2685 quam
716 2624 806 2682 supra
820 2605 941 2666 sustulit
951 2624 1040 2667 versu
1055 2605 1179 2666 traieoto
1194 2606 1243 2665 hio
1258 2625 1304 2664 re·

230 2703 336 2764 stituit.
367 2706 472 2786 Neque
488 2707 603 2767 mirum.
636 2708 721 2780 Nam,
744 2711 779 2766 ut
799 2705 1042 2783 supradiximus,
1065 2707 1169 2766 ubiubi
1185 2726 1304 2768 versum

316 2808 400 2866 ‘Nam
429 2809 513 2870 aiunt
541 2815 638 2869 teoum
667 2815 735 2886 post
756 2811 871 2869 duobus
893 2809 1087 2870 oonoubuisse
1109 2829 1174 2868 eam
1196 2811 1304 2869 mensi·

1048 2909 1112 2971 bus’
1232 2993 1235 3001 Ι

229 3012 370 3087 posuerit,
392 3012 451 3072 nisi
466 3014 590 3073 verbum
612 3014 722 3074 aiunt
742 3013 892 3090 intellegit
913 3018 947 3074 ut
961 3033 1026 3086 nos,
1047 3015 1171 3074 eandem
1187 3032 1304 3091 semper

229 3113 443 3174 dissensionem
466 3134 533 3174 oum
553 3115 654 3177 verbis
675 3117 782 3178 solus
805 3115 1002 3176 oonseiu's
1024 3120 1195 3176 statuemus.

315 3218 412 3276 Aliam
433 3219 466 3277 in
481 3218 617 3278 versibus
630 3219 673 3278 ite
687 3217 903 3294 ooninngendis
917 3216 1122 3278 difficultatem
1137 3218 1184 3280 vir
1199 3220 1303 3280 doetus

228 3317 293 3393 ipse
314 3319 393 3379 ultro
417 3326 640 3382 commemorat:
671 3340 760 3401 quem
782 3324 854 3397 puto
876 3318 1045 3379 maximam.
1089 3321 1166 3380 Nam
1195 3322 1301 3383 mirum

229 3437 300 3478 vero
323 3426 369 3481 est
391 3426 422 3481 et
444 3443 503 3482 non
526 3423 696 3496 ferendum,
729 3423 825 3502 quod,
857 3441 923 3481 eum
946 3421 982 3480 da
1005 3440 1097 3498 puero
1120 3423 1231 3486 dietum
1254 3423 1301 3496 sit,

229 3520 344 3582 dieatur
366 3522 402 3581 de
424 3524 518 3585 altera
538 3543 580 3598 re,
603 3525 701 3586 subito
724 3525 760 3586 od
783 3543 908 3601 puerum
930 3541 1025 3584 sermo
1048 3524 1092 3584 ita
1106 3525 1193 3599 redit,
1215 3530 1302 3587 utne

228 3625 351 3684 verbum
374 3626 493 3705 quidem
520 3647 616 3704 puer
637 3626 687 3689 vel
707 3627 842 3705 partus
871 3625 921 3686 val
942 3625 1022 3686 aliud
1043 3626 1189 3687 eiusmodi
1210 3647 1302 3704 pona·

228 3729 286 3785 tur.
330 3731 372 3788 nt
393 3728 418 3787 si
440 3749 546 3790 versus
573 3730 606 3788 in
634 3749 687 3789 suo
715 3730 779 3790 looo
808 3728 1034 3808 relinquuntur,
1066 3729 1181 3790 stillio
1203 3731 1303 3790 omnia

227 3827 308 3887 inter
335 3847 366 3888 se
393 3831 597 3905 consentiunt,
610 3831 639 3908 ³)
672 3835 703 3891 st
724 3831 774 3891 hio
795 3831 939 3906 disposita
965 3837 1056 3911 atque
1085 3831 1229 3894 oonoinna
1257 3842 1304 3895 est

299 3998 323 4065 1)
341 4000 470 4048 Fielitzins
488 4014 543 4047 oum
561 4000 730 4058 Fleckeissno‚
748 4000 894 4047 unoinantes
911 4013 1011 4048 versum

315 4087 386 4134 ‘Tum
402 4091 534 4146 postquam
551 4087 582 4133 ad
601 4091 625 4134 te
643 4085 712 4134 venit
729 4085 821 4134 mensis
838 4086 920 4146 agitm
937 4084 978 4133 hio
995 4085 1045 4133 ism
1061 4086 1204 4148 septumus’,

227 4174 291 4220 hano
307 4172 477 4221 difficultatem
494 4172 644 4220 vitaverunt.

297 4255 470 4325 nmnw.
777 4255 991 4321 &mmmm
