3266 4772
753 455 793 465 -
838 420 878 486 ῃ
922 456 963 466 -

321 575 416 652 primo
433 579 500 635 autu
515 576 709 635 Parmenonis
724 576 893 636 narratione
905 574 943 654 ¹),
968 595 1054 651 aegre
1070 573 1258 651 Pamphilum
1275 571 1395 648 nuptias

321 678 440 751 tulisse,
471 699 536 738 oum
560 698 646 739 servo
669 679 705 738 de
730 697 764 737 ea
785 697 818 737 re
848 678 966 755 saepius
993 682 1131 757 questum
1160 695 1240 748 esse,
1270 692 1395 733 uxorem

321 784 444 855 tangere
461 780 606 840 noluisse:
630 780 759 860 denique
781 782 839 840 hoa
852 799 921 840 eum
944 784 1076 842 eeoutum
1093 798 1166 852 esse,
1188 782 1223 838 ut
1237 777 1302 853 ipsa
1315 775 1395 835 ultro

321 883 359 940 ad
380 887 519 957 parentes
540 883 660 943 rediret.
704 883 753 942 Sia
774 883 953 942 Parmenoni
977 882 1067 944 dixit:

408 984 477 1043 ‘see
500 985 582 1043 illam
605 1005 691 1061 spero
714 985 766 1044 ubi
788 986 845 1045 hoo
868 985 1049 1062 cognoverit,

407 1087 474 1145 Non
497 1104 584 1163 posse
608 1107 639 1147 se
661 1106 776 1147 meeum
798 1107 871 1161 esse,
895 1088 1041 1148 abituram
1065 1082 1254 1166 denique'.²)

322 1186 380 1245 Illa
402 1208 473 1248 vero
496 1210 562 1250 oum
586 1189 795 1250 contumeliam
817 1192 895 1251 hano
918 1189 1077 1249 maximam
1100 1194 1201 1249 tusam
1222 1189 1308 1260 ferat,
1332 1191 1398 1246 tan·

324 1290 390 1347 dem
417 1290 515 1366 ipsum
538 1290 727 1368 Pamphilum
755 1290 941 1368 benignitate
972 1309 1025 1350 sua
1053 1295 1228 1351 summovet
1274 1287 1340 1354 Qua
1363 1289 1398 1346 de

324 1410 356 1449 re
379 1411 482 1454 servus
504 1375 683 1454 Philotidem
707 1395 755 1454 his
776 1395 877 1454 verbis
899 1395 1056 1456 certiorem
1078 1393 1168 1454 fauit:

413 1495 485 1555 ‘Hie
507 1496 623 1556 animus
645 1497 752 1573 partim
775 1497 878 1556 uxoris
900 1496 1102 1559 misericordia
1128 1515 1131 1520 ·

410 1597 583 1670 novientus,
606 1598 715 1676 partim
737 1599 835 1659 viatus
857 1598 946 1658 huius
967 1598 1086 1660 iniuriis

412 1699 559 1759 Paulatim
584 1701 715 1778 elapsast
737 1701 875 1761 Baoohidi
900 1706 989 1781 atque
1010 1701 1070 1760 huo
1090 1699 1245 1760 transtulit

414 1803 560 1873 Amorem,
583 1808 741 1882 postquam
765 1822 819 1880 par
839 1803 993 1879 ingenium
1017 1806 1121 1863 neotus
1143 1797 1205 1861 est‘.
1219 1801 1247 1878 ⁸)

328 1902 465 1982 Denique
488 1903 662 1981 Pamphilus
691 1924 825 1985 quoque,
855 1905 1047 1981 intellegens,
1079 1909 1191 1984 quanto
1221 1923 1309 1980 opere
1337 1903 1402 1979 ipse

327 2006 414 2064 uxori
438 2008 594 2081 obnoxius,
615 2007 668 2066 illa
691 2009 727 2066 de
749 2027 780 2066 se
803 2008 908 2068 merita
930 2007 978 2080 sit,
999 2008 1113 2084 pudore
1135 2007 1258 2066 effeetus

324 2131 330 2142 ·
413 2109 502 2170 ‘Tum
518 2110 604 2170 uxori
621 2111 770 2170 obnoxius
785 2106 867 2184 sum',
891 2109 940 2183 ait
966 2110 1018 2172 ‘ita
1040 2109 1111 2170 olim
1135 2128 1188 2169 suo
1212 2127 1259 2166 me
1280 2106 1403 2184 ingenio

1147 2210 1279 2288 pertulit,

415 2315 472 2377 Tot
491 2335 572 2376 meas
594 2316 718 2378 iniurias
733 2335 809 2397 quae
832 2335 984 2396 nunquam
1003 2315 1034 2374 iu
1051 2313 1112 2374 ullo
1127 2312 1269 2390 patefecit
1283 2308 1404 2390 looo'.⁴)

330 2418 439 2478 Postea
459 2439 531 2479 vero
553 2420 728 2496 Pamphilus
751 2439 839 2499 quam
862 2420 988 2494 superbe
1010 2414 1157 2496 loquitur!

417 2521 495 2595 ‘Ego
518 2541 564 2580 me
587 2522 647 2581 seio
671 2521 793 2593 sevisse,
816 2539 853 2579 ue
875 2519 937 2578 nlla
959 2519 1064 2579 merito
1087 2515 1267 2578 contumelia

417 2622 497 2681 Fieri
517 2625 634 2685 avobis
656 2630 771 2700 posset:
795 2624 885 2703 idque
908 2622 933 2682 si
955 2641 1035 2680 nune
1057 2639 1220 2679 memorare
1241 2619 1291 2679 hio
1306 2618 1405 2692 velim,

418 2721 512 2785 Quam
536 2724 616 2784 fideli
639 2726 737 2785 animo
760 2729 791 2786 et
812 2725 942 2800 benigno
966 2723 1100 2782 inillam
1124 2728 1154 2782 et
1177 2721 1315 2781 elementi
1337 2721 1390 2793 lui,

418 2825 495 2885 Vere
509 2847 643 2903 possum:
665 2829 696 2888 ni
718 2834 749 2888 te
771 2847 811 2886 ex
831 2828 898 2904 ipsa
918 2829 993 2886 hasa
1014 2825 1108 2902 magis
1123 2824 1212 2885 velim
1230 2823 1405 2883 reseisoere:

418 2929 555 3009 Namque
570 2948 605 2989 eo
621 2936 708 3006 pacto
725 2949 863 2989 maxume
884 2930 962 3006 apud
986 2933 1016 2989 te
1032 2946 1098 2987 meo
1114 2926 1173 2986 erit
1187 2925 1308 3002 ingenio
1324 2925 1405 2998 fides,

420 3029 517 3093 Quom
538 3032 604 3106 illa,
627 3051 703 3112 quae
725 3052 804 3093 nuno
825 3033 857 3091 in
881 3051 927 3090 me
949 3031 1095 3109 iniquast‚
1118 3047 1213 3109 aequa
1235 3029 1272 3087 de
1293 3047 1340 3086 me
1363 3027 1408 3085 di-

1152 3130 1241 3191 xerit.

420 3237 526 3316 Neque
541 3257 607 3298 mee
622 3238 708 3314 eulpa
723 3240 780 3300 hoe
796 3236 950 3297 dissidium
967 3234 1111 3307 evenisse,
1133 3233 1164 3292 id
1177 3237 1271 3292 testor
1286 3227 1408 3310 deos’.⁶)

336 3339 411 3398 Tum
443 3340 559 3420 qualem
592 3346 695 3417 postea
724 3340 899 3417 Pamphilus
930 3357 993 3398 sese
1022 3337 1164 3413 praebeat
1191 3334 1409 3413 respiciendum

337 3448 390 3502 est.
435 3443 511 3503 Sane
534 3445 603 3524 quia
626 3464 749 3522 puerum
773 3444 907 3519 aenipere
929 3460 989 3500 non
1012 3439 1085 3512 vult,
1109 3437 1215 3498 aeriter
1237 3457 1302 3498 aum
1325 3441 1410 3513 patre

336 3565 497 3628 eooeroque
513 3549 681 3608 contendit:
703 3581 745 3592 ·-
768 3548 804 3605 de
827 3565 858 3604 se
880 3563 952 3606 vero
975 3542 1095 3621 suisque
1110 3540 1274 3600 virtutibus
1295 3539 1409 3598 nullum

336 3649 476 3707 verbum!
521 3649 601 3716 Quin
624 3651 711 3710 etiam
735 3650 766 3707 in
790 3649 891 3707 eadem
914 3664 1035 3717 scaena,
1063 3643 1096 3702 in
1118 3661 1177 3721 qua
1204 3641 1302 3701 subito
1325 3640 1411 3720 quasi

337 3750 460 3809 alterum
484 3754 672 3830 Pamphilum
695 3753 824 3812 existere
847 3751 934 3810 modo
956 3748 1101 3819 vidimus,
1130 3764 1198 3805 eoae
1226 3744 1304 3803 redit
1332 3742 1410 3801 idem

336 3851 387 3912 ille
411 3855 593 3933 Pamphilus,
616 3856 667 3937 qui
691 3861 760 3915 aute
782 3859 854 3927 erat,
877 3854 950 3912 haee
971 3852 1101 3910 loeutus:

408 4010 659 4069 nnammm
900 4003 1104 4066 mmmmm

408 4094 640 4155 mammes
897 4087 1133 4151 mmmmm

221 4189 231 4206 ”
314 4236 317 4242 ,
407 4184 434 4241 d)
450 4182 497 4241 111,
516 4182 540 4240 ὅ,
559 4182 702 4230 ill-dds
