3266 4772
669 443 903 506 419-

260 595 320 670 wig
331 595 360 672 ¹)
383 594 578 672 beipflichten
602 601 737 671 miissen,
767 599 821 657 der
840 607 920 674 sagt:
951 601 1017 659 ‘Um
1039 621 1071 659 es
1099 601 1230 662 nimlich
1257 605 1332 663 hura

260 718 298 757 au
320 717 420 772 sager,
443 718 475 756 so
498 698 551 756 hin
572 698 623 757 ich
647 701 818 774 iiberzeugt,
841 701 908 759 dass
930 700 978 760 die
1000 702 1168 762 rdmisehen
1191 704 1335 764 Komiker
1383 771 1384 774 Ἴ

260 801 327 860 ihre
348 792 496 875 πρόσωπα
518 793 682 873 προτατικᾶ
712 802 805 862 dnreh
828 801 1068 863 Contamination
1097 804 1130 862 in
1152 805 1202 866 ihr
1222 807 1335 867 Drama

261 903 406 978 gebracht
425 901 570 960 haben.'“

347 1004 404 1062 Sed
426 1004 458 1062 in
481 1004 539 1062 hac
561 1024 736 1084 quoquere
758 1006 815 1065 viri
839 1007 947 1067 eruditi
975 1009 1119 1068 indicium
1147 1029 1207 1068 non
1230 1013 1335 1087 probo.

346 1107 481 1166 Primum
504 1106 539 1165 de
562 1107 700 1184 Hecyrae
722 1106 803 1180 loco,
826 1127 915 1187 quem
936 1110 1083 1170 Daiatairo
1104 1112 1238 1189 protulit,
1263 1113 1335 1192 quid

263 1213 303 1271 sit
316 1210 508 1270 indicandum
524 1208 686 1268 videamus.
730 1211 770 1268 Et
786 1231 856 1270 vero
879 1211 929 1270 hie
951 1212 1092 1272 refutatio
1114 1214 1257 1274 facillima
1279 1219 1334 1288 est,

264 1314 373 1394 quippe
390 1330 479 1390 quam
497 1309 561 1387 ipse
577 1312 713 1369 Donatus
736 1311 822 1371 nobis
844 1314 994 1389 praebeat
1039 1315 1116 1373 Nam
1132 1316 1203 1394 quid
1223 1317 1334 1376 cestius

262 1435 296 1474 ae
318 1413 433 1474 firmins
454 1413 658 1472 testimonium
680 1418 880 1490 potestesse,
913 1434 1001 1494 quam
1025 1418 1104 1494 qnod
1126 1419 1335 1491 grammaticus

262 1519 344 1594 ipsos
367 1514 540 1594 Apollodori
564 1534 668 1574 versus
692 1514 877 1592 adponit¹)?
898 1517 1045 1576 Daiatako
1068 1519 1187 1598 quidem
1209 1520 1334 1597 dicit⁸):

350 1616 494 1690 „Scheint
521 1616 611 1675 somit
640 1616 688 1674 die
718 1617 961 1678 contamination
989 1618 1021 1678 in
1051 1621 1104 1680 der
1131 1621 1251 1699 Hecyra
1280 1623 1336 1682 mit

266 1721 381 1796 einiger
394 1717 721 1780 Wahrseheinliehlreit
742 1719 886 1778 ermittelt
908 1739 946 1778 zu
964 1719 1037 1793 sein,
1061 1741 1094 1780 so
1110 1723 1184 1784 wird
1200 1725 1243 1785 sie
1258 1727 1335 1785 doch

265 1824 376 1886 wieder
396 1821 504 1879 hdehst
525 1821 542 1878 f
545 1819 699 1895 raglieh
714 1820 809 1879 durch
823 1822 881 1880 den
896 1823 1050 1896 Umstand,
1073 1825 1140 1884 dass
1155 1845 1193 1884 an
1208 1827 1283 1886 Vere
1296 1833 1334 1887 58

264 1927 302 2006 (I,
324 1931 347 2000 l,
367 1925 397 2002 1)
424 1943 484 1985 von
506 1921 608 1980 Donat
639 1921 705 1981 eino
732 1922 948 1984 Parcllelstelle
978 1926 1029 1984 des
1052 1927 1217 2004 Apollodcr
1245 1948 1335 2004 onge-

264 2029 350 2088 fdhrt
371 2025 476 2086 wird.“
521 2023 592 2084 Veri
620 2023 713 2098 igitur
740 2025 913 2085 dissimilem
942 2026 1007 2086 fieri
1034 2027 1086 2086 hic
1108 2031 1336 2090 contaminatio·

264 2130 349 2190 nem?
391 2128 488 2186 Immo
511 2144 583 2185 vero
606 2124 642 2183 de
660 2145 695 2184 ea
711 2126 832 2186 omnino
855 2128 981 2202 eogitari
1003 2149 1064 2188 non
1088 2149 1176 2208 posse
1202 2131 1268 2192 luce
1290 2139 1337 2192 est

264 2233 380 2294 clarius.

350 2335 444 2392 Porro
476 2331 554 2411 qaod
585 2329 731 2390 Driatzko
763 2351 802 2390 ex
831 2331 963 2391 Andriae
993 2334 1206 2394 commentario
1237 2335 1336 2396 locum

266 2439 492 2506 commemorat,
523 2433 576 2512 qni
599 2451 683 2491 suam
706 2433 877 2511 opinionem
900 2439 1061 2508 sustentet,
1092 2455 1152 2494 non
1174 2436 1334 2513 intellexit,

264 2539 297 2598 in
318 2540 375 2599 heo
398 2554 517 2616 quoqne
539 2534 642 2594 fabula
670 2554 829 2612 perennem
851 2535 1043 2614 protaticam‚
1074 2536 1189 2604 scilicet
1211 2540 1334 2615 Sosiam,

265 2660 325 2699 non
348 2639 505 2716 irrepsisse
528 2637 782 2696 contaminatione
803 2639 836 2698 in
860 2637 1059 2712 comoediam,
1083 2641 1133 2698 sed
1156 2659 1174 2700 a
1194 2642 1336 2702 Terentio

265 2762 329 2801 esse
349 2741 514 2802 inventam.
558 2739 649 2800 (iuius
671 2738 715 2798 rei
738 2741 789 2800 hio
812 2759 930 2820 quoque
952 2740 1089 2800 Donatus
1117 2743 1203 2802 testis
1232 2745 1337 2804 existit

266 2864 333 2903 cum
355 2843 489 2922 dicat⁴):

350 2946 416 3005 ‘Sed
439 2964 530 3025 qnare
560 2963 591 3003 se
621 2950 726 3005 onerat
748 2944 918 3018 Terentius,
952 2964 1020 3004 enm
1048 2945 1144 3024 possit
1172 2949 1268 3010 videri
1300 2952 1336 3010 de

264 3070 326 3110 una
347 3045 554 3109 transtulisse?
598 3046 647 3106 Sic
670 3046 814 3107 solvitur:
843 3046 922 3113 Quia
944 3049 1080 3107 conscius
1102 3049 1160 3109 sibi
1183 3056 1243 3124 est,
1275 3053 1337 3130 pri·

266 3171 344 3212 mam
374 3168 510 3210 scaenam
536 3149 572 3208 de
595 3149 752 3208 Perinthia
781 3169 845 3208 esse
874 3149 1064 3224 translatam,
1094 3151 1147 3210 ubi
1175 3172 1267 3212 senex
1294 3154 1338 3214 ita

266 3276 332 3316 cum
354 3273 450 3313 uxore
470 3251 620 3330 loquitur,
644 3255 686 3310 ut
706 3251 806 3327 apud
830 3250 1050 3311 Terentium
1072 3271 1153 3312 cnm
1174 3253 1337 3316 liberto:

265 3365 303 3418 at
324 3359 362 3416 in
386 3354 532 3420 Andria
554 3353 760 3414 Menandri
784 3351 893 3412 solus
916 3372 1036 3413 senex
1059 3351 1132 3414 est'

349 3459 488 3537 Denique
509 3457 541 3515 in
564 3455 745 3533 Phormione
760 3456 838 3517 Davi
861 3475 997 3535 persona,
1020 3475 1097 3536 quae
1119 3463 1165 3515 est
1181 3457 1338 3534 protatica,

137 3611 144 3624 .
265 3563 345 3622 unde
366 3563 399 3620 in
420 3559 552 3620 fabulam
573 3558 692 3619 venerit
713 3579 772 3618 non
795 3555 931 3619 constat?

351 3666 432 3738 Ergo
455 3662 480 3720 si
502 3667 584 3720 recto
607 3679 643 3719 ac
664 3659 793 3738 simplici
814 3660 925 3720 indicio
942 3662 989 3720 nsi
1004 3661 1085 3720 locos
1100 3681 1117 3720 e
1132 3661 1245 3722 Donati
1260 3682 1339 3723 com·

265 3766 421 3826 menteriis
442 3784 462 3824 a
476 3763 663 3822 Driatrhone
684 3763 790 3822 allatos
814 3763 1044 3837 consideramus,
1066 3783 1105 3823 ne
1127 3783 1167 3823 ex
1189 3785 1249 3825 uno
1273 3767 1338 3846 qui·

337 3939 362 3998 1)
380 3937 496 3996 Beitrtge
514 3947 558 3982 rur
574 3933 660 3981 Kritik
677 3933 721 3980 des
738 3932 835 3979 Terens
854 3947 878 3992 p.
893 3935 916 3981 8.

335 4019 362 4086 2)
379 4022 411 4070 sd
428 4035 466 4070 va
481 4024 493 4067 1
506 4033 544 4078 sq.
562 4046 596 4054 -
613 4019 644 4066 ci.
663 4031 739 4080 sopra
757 4031 781 4077 p.
796 4019 820 4063 1.

335 4108 362 4172 8)
378 4109 396 4156 l.
409 4108 425 4156 l.
444 4121 469 4166 p.
484 4109 525 4155 ⁸1.

335 4191 361 4261 4)
379 4192 411 4240 ad
428 4192 505 4241 Andr.
523 4191 587 4251 prol.
609 4193 647 4240 1³.
