3266 4772
641 464 1021 532 .—21-.

271 622 353 696 dung
377 622 428 680 des
450 620 564 680 Terenz
587 623 774 695 ausgegeben
794 621 878 695 wind,
901 641 962 683 was
985 623 1080 688 durch
1102 621 1346 682 contamination

263 714 303 781 ¹in
336 721 383 781 dio
413 721 523 782 scucks
554 723 731 796 gekommen
762 724 817 797 ist,
855 729 975 783 konnen
1004 724 1061 785 wir
1089 743 1141 783 ans
1171 723 1280 783 Donat.
1308 744 1347 783 zu

271 826 364 884 Andr.
387 825 435 898 11,
463 829 495 897 1,
523 826 579 900 1¹)
610 826 701 884 sehon
733 826 802 902 [ng.
832 827 926 899 Ihne,
959 831 1072 904 quaest.
1102 826 1168 885 Ter.
1198 846 1227 903 p.
1243 826 1346 902 lcff.}.

270 927 374 986 Daher
395 927 436 986 ist
458 946 489 985 es
512 928 599 986 recht
620 933 674 1003 gut
696 927 835 1004 mt'glioh,
859 929 926 986 dass
945 929 1016 1005 jene
1038 932 1075 986 15
1092 927 1185 988 Versa
1208 947 1268 988 von
1291 949 1347 986 un·
1435 956 1438 960 ·

272 1028 510 1090 aeremDiohter
524 1030 737 1091 anderswoher
751 1049 927 1104 genommen
944 1029 1025 1088 sind:
1044 1031 1122 1090 doch
1136 1029 1224 1089 kaum
1240 1029 1344 1104 glaub-

271 1130 333 1190 lich
364 1130 516 1190 erechcint
534 1151 590 1205 es,
623 1133 690 1191 dass
712 1132 761 1191 bei
785 1132 869 1191 einer
891 1151 923 1191 so
946 1131 1195 1192 unbedeutenden
1218 1132 1346 1191 Entleh·

271 1252 355 1307 nung
385 1232 504 1306 Gegner
536 1235 589 1294 des
618 1233 759 1294 Dichters
790 1234 960 1312 behaupten
992 1235 1053 1293 und
1083 1233 1181 1294 dieser
1209 1236 1345 1308 zugeben

271 1334 399 1396 konnte:
964 1351 967 1359 '
1045 1405 1049 1412 ¹

425 1437 546 1497 ‘Multas
570 1439 786 1498 contaminasse
802 1437 939 1512 Graecas,
963 1439 1032 1497 dum
1052 1437 1125 1498 tacit

424 1541 539 1599 Paneas
554 1539 720 1601 Latinas.’“

357 1641 413 1701 Vir
439 1645 543 1702 doctus
574 1643 625 1702 hic
654 1664 772 1725 quoque
802 1645 876 1704 miro
908 1644 995 1703 modo
1028 1643 1146 1704 diversa
1178 1643 1345 1703 confundit.

272 1745 348 1803 Nam
371 1744 492 1803 Ihnium
522 1751 657 1818 secutus,
690 1749 741 1827 qui
765 1747 888 1808 Charini
911 1751 941 1805 et
962 1745 1114 1824 Byrrhiae·
1141 1764 1284 1824 personas
1308 1766 1346 1803 ex

272 1846 366 1905 altera
395 1847 495 1906 tabula
526 1869 589 1908 esse
612 1849 772 1910 translatas
795 1851 952 1909 ostendere
975 1853 1114 1922 conatur,
1146 1847 1292 1907 Dniatzko
1316 1853 1346 1907 et

270 1948 302 2007 in
320 1949 435 2009 Andria
457 1954 487 2009 et
509 1950 558 2010 hic
580 1951 655 2012 falso
679 1953 715 2012 de
729 1952 862 2012 Terentii
885 1951 1062 2012 inventione
1077 1951 1229 2011 Donatum
1245 1951 1345 2011 dicere

269 2051 390 2111 indicat.
435 2054 476 2112 At
500 2053 660 2114 scholiasta
680 2055 731 2114 hic
752 2056 861 2114 habet:

334 2154 401 2212 ‘hoc
424 2147 539 2232 εὕρημα
561 2155 723 2215 inducitur'

269 2253 348 2314 illic:

334 2358 409 2418 ‘Has
430 2377 575 2435 personas
597 2359 755 2420 Terentius
777 2359 892 2420 addidit
913 2354 1050 2418 tabulae!
1145 2357 1150 2368 '

270 2460 357 2518 Nunc
387 2459 454 2539 quis
484 2465 529 2519 est
559 2461 631 2540 quin
653 2462 821 2537 intellegat,
855 2457 980 2521 ‘addere’
1002 2465 1122 2540 poetam
1146 2460 1258 2540 aliquid
1283 2483 1343 2521 non

271 2561 365 2636 magis
394 2561 430 2621 de
453 2561 551 2622 aliano
580 2582 668 2642 quam
697 2566 733 2624 de
756 2586 808 2624 suo
837 2563 989 2644 potuisse?
1032 2563 1090 2623 Sed
1111 2563 1160 2624 vir
1182 2565 1286 2624 doctus
1308 2564 1345 2623 il·

270 2664 329 2723 lam
352 2663 531 2725 sententiam
553 2684 655 2744 perse
676 2667 821 2726 incertam
843 2672 934 2747 atque
957 2667 1126 2742 ambiguam
1142 2687 1180 2727 ex
1195 2686 1256 2726 una
1272 2687 1343 2747 qna·

272 2767 338 2826 dam
360 2773 445 2844 parte
468 2767 618 2846 accipiens
641 2776 671 2829 et
691 2770 903 2846 interpretans,
925 2769 996 2828 inde
1018 2770 1169 2846 protentus
1192 2771 1262 2830 huic
1278 2771 1341 2830 He·

271 2889 360 2947 cyrae
380 2870 456 2944 loco,
479 2871 530 2950 qni
547 2882 645 2932 certus
661 2879 750 2952 atque
768 2872 908 2932 definitus
924 2871 971 2944 sit,
995 2891 1114 2931 sensnm
1131 2871 1157 2931 ei
1175 2871 1226 2952 qui
1241 2873 1343 2935 verbis

270 2971 455 3048 significetur
477 2975 659 3036 contrarium
681 2974 830 3054 supponit.

356 3076 455 3135 Unum
470 3079 584 3139 addam.
616 3078 762 3141 Dniatnko
786 3097 852 3137 oum
875 3078 906 3136 in
930 3082 1064 3136 extrema
1086 3077 1343 3151 argumentatione

270 3178 403 3252 miretur,
427 3182 519 3240 etam
541 3180 600 3242 levi
624 3180 810 3241 mutuatione
832 3185 950 3257 poetam
974 3184 1035 3238 tam
1057 3179 1191 3254 graviter
1206 3199 1270 3239 esse
1292 3199 1340 3240 ac·

271 3286 419 3356 casatum,
450 3283 599 3342 caecutire
620 3285 652 3342 in
675 3284 742 3342 luce
764 3283 892 3344 videtur.
937 3282 1014 3340 Nam
1038 3300 1113 3360 quae
1143 3281 1234 3341 tuerit
1263 3286 1342 3361 apud

270 3384 402 3444 Terentii
425 3385 612 3446 adversarios
636 3385 858 3446 contaminandi
881 3383 974 3457 notio,
997 3386 1069 3443 satis
1092 3404 1127 3443 eo
1150 3384 1340 3462 perspicitur,

271 3487 350 3566 quod
373 3487 534 3548 scholiasta
555 3489 606 3548 hic
628 3489 665 3547 de
686 3509 746 3549 uno
766 3508 857 3547 versu
880 3486 1142 3547 contaminationis
1165 3506 1232 3546 enm
1254 3508 1341 3563 argu-

270 3592 335 3648 tum
357 3609 420 3650 esse
442 3591 543 3650 tradit·
588 3589 700 3654 Quodsi
724 3591 841 3668 saepius
865 3588 1041 3664 singulos
1063 3609 1195 3651 versus
1218 3611 1257 3650 ax
1276 3592 1343 3652 aliis

269 3692 379 3752 fabulis
401 3692 593 3771 deprompsit,
605 3765 606 3769 Ἰ
617 3687 698 3754 certe
719 3714 810 3753 unam
827 3693 988 3753 conficiens
1004 3692 1143 3751 Latinam
1161 3695 1343 3754 comoediam

271 3796 420 3884 ‘ciuitas
439 3792 613 3856 Graecas’
629 3797 730 3874 potuit
747 3797 960 3855 contaminare.
1005 3794 1096 3869 Fugit
1113 3814 1183 3869 ergo
1201 3795 1343 3857 nimirum
1379 3877 1381 3882 Ι

269 3899 367 3960 virum
390 3900 524 3972 doctum,
548 3900 626 3978 quod
650 3899 814 3959 Grauertus
836 3897 1001 3958 rectissime
1025 3897 1056 3955 in
1079 3894 1157 3958 libro
1182 3898 1218 3958 de
1241 3905 1343 3959 conta·

269 4001 402 4061 minandi
426 4003 504 4078 apud
527 4007 644 4062 veteres
666 4002 783 4062 ratione
804 3999 961 4078 docuit²):

341 4140 366 4204 1)
385 4140 445 4186 ‘Has
463 4152 582 4199 personas
600 4137 729 4185 Terentius
746 4137 841 4185 addidit
858 4137 971 4196 tabulae,
991 4151 1048 4185 nam
1066 4152 1116 4184 non
1134 4140 1192 4185 sant
1208 4137 1274 4198 apud
1291 4135 1343 4184 us-

269 4223 399 4272 nandrum’
417 4229 462 4272 etc.

338 4307 364 4374 2)
381 4323 405 4371 p.
419 4309 476 4358 205.
