3266 4772
688 426 901 490 ..13-

259 580 295 638 de
318 580 431 639 Graeco
459 584 581 639 auctore
611 580 750 639 dubitans
780 601 907 641 vacuum
932 580 1031 641 locum
1061 581 1240 660 reliquerat,
1270 583 1333 643 sive

258 702 359 741 errore
382 683 510 761 quodam
531 683 610 740 idam
632 682 710 760 quod
730 683 808 759 apud
825 683 973 742 Donatum
991 683 1104 743 excidit
1120 686 1242 744 verbum
1259 687 1331 745 cmi·

259 791 346 857 serat,
369 787 432 844 sive
455 785 533 863 quod
557 785 716 842 exstiterat
736 784 769 841 iu
792 784 869 842 libro
886 790 951 844 erat
966 806 1037 845 casu
1052 792 1225 863 corruptum
1242 791 1332 866 atque

258 885 396 963 deletum,
418 919 460 929 -
483 887 600 944 Donato
625 886 744 964 quidem
768 893 927 965 utrumque
950 893 1015 947 erat
1036 887 1210 960 indignum:
1235 895 1265 948 et
1280 909 1332 948 ex-

258 986 364 1045 cidisse
386 989 444 1047 hoc
466 989 532 1047 loco
554 987 668 1066 aliquid
691 1007 751 1046 non
775 989 967 1064 intellegere,
992 995 1022 1048 at
1044 991 1102 1049 hoe
1125 989 1262 1064 neglecto
1286 991 1331 1050 di-

257 1108 345 1148 versa
367 1096 428 1149 tam
450 1089 673 1150 inconsiderato
696 1090 783 1149 modo
807 1091 932 1150 miscere
954 1097 1044 1172 atqua
1060 1093 1258 1153 confundere:
1280 1115 1332 1154 ne·

201 1211 202 1215 ¹
258 1209 315 1268 que
348 1192 408 1250 tale
439 1193 510 1272 qnid
543 1192 575 1250 in
608 1191 668 1250 ulla
698 1193 884 1270 praefatione
916 1194 1044 1252 admisit.
1094 1196 1220 1254 Accedit
1252 1199 1330 1275 quod

256 1293 387 1353 maximo
411 1315 500 1371 opere
523 1295 695 1371 discrepent
715 1293 760 1352 illi
782 1293 841 1354 loci
872 1315 938 1355 cum
960 1296 1147 1374 praefatione
1175 1298 1212 1356 ad
1236 1299 1331 1358 Phor·

258 1394 367 1454 mionis
390 1397 651 1457 commentarium:
673 1415 742 1455 nam
763 1395 828 1456 illie
849 1397 896 1457 bie
920 1403 1033 1458 exstat:

341 1499 472 1578 ‘Hecyra
493 1506 528 1561 et
544 1499 719 1560 Phormio
742 1501 780 1557 ab
796 1500 977 1578 Apollodoro
1001 1501 1164 1560 translatae
1186 1522 1250 1560 csse
1273 1502 1330 1560 di·

259 1599 420 1662 cuntur?
442 1637 484 1648 —
506 1604 572 1662 hic:

343 1705 439 1764 ‘Hanc
461 1707 641 1766 comoediam
672 1704 920 1764 manifestum
944 1711 1002 1765 est
1024 1750 1030 1764 .
1055 1751 1062 1765 .
1085 1709 1122 1766 ab
1146 1707 1329 1785 Apollodoro

258 1848 265 1864 .
291 1851 297 1864 .
321 1850 329 1865 .
352 1806 464 1868 Graece
487 1810 627 1887 scriptam
650 1803 732 1866 esee!

340 1909 406 1968 Iam
437 1917 553 1970 tantum
583 1911 655 1969 mihi
686 1911 790 1968 abesse
813 1909 947 1982 videtur,
978 1917 1013 1970 nt
1035 1930 1086 1970 eae
1108 1911 1329 1972 inconstantiae

255 2009 373 2070 Donato
397 2013 574 2073 tribuendae
597 2014 667 2086 sint,
689 2017 847 2071 utcontra
869 2013 917 2070 his
939 2013 1123 2088 argumentis
1145 2014 1329 2088 gravissimis

254 2131 345 2172 unum
369 2136 406 2176 ex
430 2115 621 2176 Phormionis
643 2115 830 2192 praelatione
852 2116 967 2189 locum,
992 2117 1102 2196 quippe
1126 2116 1177 2194 qui
1200 2117 1329 2176 maxime

254 2217 394 2276 concinat
424 2238 490 2278 cum
521 2218 802 2278 commentariorum
824 2217 1021 2291 testimoniis,
1051 2221 1089 2277 ab
1111 2219 1177 2295 ipso
1200 2218 1328 2293 Donato,

255 2324 369 2379 ceteros
404 2323 442 2380 ab
474 2321 742 2398 interpolatoribus
775 2321 925 2397 profectos
958 2337 1022 2380 esee
1057 2325 1137 2380 certo
1171 2320 1327 2380 efficiatur.

254 2425 394 2482 Attamen
419 2425 485 2503 quis
508 2443 610 2484 eorum
632 2429 738 2483 auctor
760 2423 799 2481 sit
821 2428 873 2481 aut
895 2443 954 2502 qno
977 2426 1064 2500 pacto
1092 2423 1125 2481 in
1148 2428 1264 2482 textum
1286 2424 1327 2483 ir·

253 2525 411 2603 rapuerint,
435 2528 533 2585 adhue
557 2527 629 2585 satis
652 2526 851 2603 probabiliter
872 2524 1023 2602 explicare
1045 2545 1106 2585 non
1129 2545 1258 2603 possum.

338 2629 480 2708 Sequitur
509 2636 543 2688 ut
565 2649 631 2688 cum
654 2629 773 2687 Donato
797 2634 896 2688 cetera
918 2628 1091 2688 testimonia
1113 2647 1326 2704 comparemus.

252 2734 292 2790 Et
315 2733 434 2811 quidem
465 2751 587 2805 magnas
616 2731 667 2790 hic
689 2731 800 2791 exoriri
825 2731 1017 2791 difficultates
1046 2731 1113 2812 quis
1136 2736 1181 2790 est
1205 2731 1255 2810 qui
1279 2731 1326 2790 in-

253 2834 387 2895 fitietur?
436 2835 513 2893 Sane
546 2834 672 2913 quadrat
703 2833 735 2892 in
766 2835 847 2891 hunc
878 2833 976 2893 locum
1007 2833 1081 2892 illud
1111 2833 1326 2892 ‘terentianum

253 2937 343 3002 ‘Quot
372 2937 524 3010 homines,
556 2943 602 2996 tot
630 2932 814 3009 sententiae’,
846 2937 915 3016 quia
937 2931 961 2996 'a
982 2937 1079 2995 tribus
1108 2936 1235 2994 testibus
1265 2943 1325 2994 tres

253 3039 374 3098 fabulae
398 3039 582 3116 exemplaria
603 3039 801 3098 Terentianae
824 3039 1070 3117 Hecyraencbis
1093 3039 1259 3097 traduntur.

337 3143 413 3201 Nam
436 3142 588 3201 Donatum
612 3141 730 3220 quidem
760 3143 879 3200 firmum
908 3148 938 3200 et
960 3162 1059 3202 secum
1089 3140 1324 3200 consentientem

251 3245 389 3322 Hecyrae
420 3250 572 3304 auctorem
602 3245 798 3321 pronuntiare
822 3244 1036 3320 Apollodorum
1057 3245 1155 3303 adhuc
1178 3243 1324 3304 vidimus:

186 3361 188 3366 '
252 3352 357 3407 contra
379 3349 412 3405 in
437 3347 572 3406 Bembini
597 3347 707 3406 codicis
729 3347 892 3405 didascalia
913 3347 992 3405 nude
1014 3346 1125 3420 legitur

602 3450 724 3508 ‘Graeca
746 3445 921 3508 Menandru'
935 3449 981 3526 ¹):

250 3587 453 3597 Ἥ

259 3671 266 3706 ’·
320 3675 345 3732 1)
362 3673 391 3718 In
411 3671 525 3732 Callicpii
542 3671 612 3718 libris
631 3671 695 3719 hanc
713 3672 864 3720 didascalice
882 3675 978 3732 partem
996 3671 1095 3718 omnino
1114 3669 1249 3719 desiderari
1267 3687 1324 3720 con·

249 3763 305 3807 stat.
338 3757 443 3805 Etcum
461 3758 503 3804 alii
521 3759 551 3804 de
569 3758 616 3804 hac
634 3772 661 3805 re
679 3763 789 3815 taceant,
816 3757 919 3804 Carolus
937 3757 1060 3804 Dnietnlro
1079 3758 1137 3816 (l.l.
1155 3771 1180 3817 p.
1195 3759 1238 3820 ’16)
1258 3773 1323 3806 com·

248 3857 398 3894 memorasse
410 3858 464 3891 eam
481 3848 520 3890 sat
531 3843 629 3902 habeat,
649 3845 715 3890 solus
729 3842 868 3902 Gsppertns
887 3843 913 3906 (l.
927 3843 943 3888 l.
963 3856 987 3902 p.
1001 3841 1061 3906 ecc)
1080 3842 1205 3890 dubitasse
1219 3845 1322 3892 forsitan

249 3926 412 3988 Calliopium,
439 3942 497 3974 num
516 3933 583 3975 recte
601 3929 735 3975 Menander
754 3933 839 3975 auctor
857 3929 1004 3984 nominetur,
1025 3929 1150 3988 cognovit.
1185 3930 1249 3976 Nam
1265 3930 1323 3987 quid

248 4014 338 4060 mirum
357 4015 377 4060 si
395 4015 418 4060 is
436 4028 542 4073 quoque,
561 4028 655 4061 memor
673 4028 758 4061 eorum
775 4015 800 4060 in
819 4015 933 4074 Hecyrae
951 4015 1127 4060 commentario
1145 4015 1262 4072 locorum,
1281 4014 1322 4060 ubi

248 4098 428 4159 Apollodorum
446 4099 557 4146 nominat
573 4100 703 4158 Donatus,
721 4099 836 4146 Bembini
854 4100 1025 4147 auctoritatem
1043 4100 1112 4162 sequi
1130 4097 1270 4146 dubitavit?
1359 4157 1363 4164 ι
