3266 4772
642 447 853 510 ..17-

208 618 291 657 mum
314 597 434 678 quidem
458 599 593 659 Donatus
618 599 791 677 Apollodori
820 601 940 660 nomine
969 601 1128 682 quinquies
1155 608 1283 684 repetito

207 703 283 762 satis
312 705 410 761 sertus
441 704 545 760 suotor
572 699 707 770 videtur,
741 720 808 759 oum
829 702 957 761 fuisse
980 703 1101 764 omnino
1124 707 1283 768 Menandri

209 800 379 884 ‘Hecyram’
410 823 448 861 ex
478 803 536 862 hoo
565 823 625 862 uno
649 804 826 868 didaseslioe
856 805 940 863 fonte
969 804 1170 880 intellegatur.
1216 811 1285 870 Huo

177 921 180 926 “
209 909 334 981 eooedit,
359 905 437 985 quod
460 904 486 962 is
511 905 561 982 qui
584 905 670 964 illum
692 905 812 974 titulum
836 906 969 983 scripsit,
991 907 1081 967 feoile
1103 910 1140 969 ds
1163 912 1284 972 nomine

209 1012 311 1090 potuit
339 1027 453 1080 errare,
485 1007 621 1065 Donatus
652 1008 792 1068 nimirum
822 1029 882 1068 non
913 1009 1027 1085 potuit:
1061 1012 1140 1090 quod
1171 1013 1284 1089 primus

210 1110 420 1192 Geppertus1)
444 1109 562 1168 monuit
584 1129 650 1168 oum
673 1109 802 1170 diceret:

296 1215 356 1288 „Es
378 1212 419 1270 ist
441 1230 494 1285 gar
516 1211 600 1270 nieht
621 1212 802 1286 unmoglich,
825 1214 892 1272 dass
906 1213 968 1273 der
986 1214 1145 1274 Sehreiber
1167 1216 1218 1274 des
1234 1237 1282 1277 oo·

211 1319 270 1376 dex
292 1314 463 1387 Bembinus,
487 1314 580 1372 duroh
603 1314 651 1372 die
675 1314 821 1388 Analogis
844 1315 898 1373 der
919 1316 1050 1375 anderen
1073 1317 1140 1376 vier
1160 1317 1282 1394 Stiieks,

210 1421 243 1478 in
266 1419 362 1477 denen
385 1415 508 1475 ‘Graeca
530 1411 706 1474 Menandru'
729 1418 825 1489 stand,
848 1419 1022 1492 gettusoht,
1045 1421 1123 1478 anob
1144 1419 1212 1479 bier
1234 1421 1283 1480 ein

213 1522 334 1580 ‘Graeca
356 1516 534 1578 Menandru’
557 1518 589 1576 in
612 1518 694 1600 seina
717 1519 814 1579 rerer
835 1519 956 1578 fliesseu
978 1518 1065 1594 liess,
1094 1522 1146 1581 das
1169 1520 1284 1597 eigent·

214 1623 275 1681 lioh
296 1615 498 1698 ‘Apollodoro'
519 1620 605 1679 hittte
627 1621 691 1679 sein
715 1621 839 1680 sollen.“

299 1723 355 1782 Sed
378 1721 513 1800 quamvis
540 1727 655 1781 reotum
677 1723 816 1782 videatur
843 1727 872 1781 et
894 1722 954 1782 fide
977 1723 1100 1798 dignum
1126 1723 1202 1784 illud
1223 1727 1285 1786 Do·

214 1827 276 1886 nati
298 1815 502 1901 “Apouooori',
526 1824 661 1903 quemvis
684 1809 808 1884 dubium
829 1825 903 1884 illud
925 1825 1064 1884 Bembini
1087 1825 1284 1904 ‘Menandrn’,

213 1934 312 1987 tamen
333 1925 443 1985 falsum
465 1947 529 1985 esse
553 1923 739 1988 ‘Menandro’
763 1929 860 1988 adhue
878 1928 1009 1987 nondum
1026 1929 1214 2005 exploratum
1230 1939 1285 1992 est.

212 2031 288 2089 Nam
317 2027 388 2108 quid
417 2027 538 2087 taudem
567 2029 693 2105 impedit
715 2031 873 2110 quominus
902 2035 1063 2110 utrumque
1091 2039 1206 2093 reotum
1226 2033 1285 2092 sit?

212 2131 370 2210 quominus
393 2150 409 2188 e
432 2131 547 2189 duobus
570 2131 790 2209 exemplaribus
813 2132 934 2192 Graecis
956 2133 1090 2194 Terentii
1120 2135 1223 2194 tabula
1246 2135 1285 2194 sit

212 2234 383 2312 composite,
407 2254 445 2293 ex
467 2233 596 2311 Heoyris
618 2234 778 2294 Menandri
800 2239 890 2314 atque
911 2236 1109 2314 Apollodori?

299 2317 380 2409 Quae
402 2354 468 2395 oum
498 2336 541 2396 ita
564 2336 640 2408 sint,
673 2337 733 2396 alia
754 2337 926 2415 disputandi
948 2339 1026 2398 ratio
1049 2338 1216 2398 necessario
1239 2339 1284 2398 in·

214 2439 363 2498 stituenda
394 2443 454 2512 est,
485 2459 562 2520 quae
590 2459 651 2496 non
674 2443 811 2500 versetur
838 2439 871 2499 in
893 2441 1077 2515 argumentis
1099 2441 1285 2501 extrinsecus
1371 2441 1372 2445 ’

212 2541 344 2612 haustis,
378 2540 429 2599 sed
452 2541 484 2600 in
507 2541 551 2600 eis
575 2561 650 2620 quae
673 2563 710 2602 ex
732 2541 799 2619 ipsa
821 2544 975 2603 eomoedia
996 2543 1177 2604 Terentiana
1199 2545 1285 2624 quasi

213 2648 374 2718 emergant.
419 2645 496 2702 Nam
518 2645 543 2702 si
574 2664 635 2704 non
659 2645 731 2703 duas
753 2633 869 2704 fabulas
892 2646 1035 2720 Graeoss,
1067 2646 1118 2705 sed
1140 2665 1231 2706 unum
1253 2647 1286 2705 in

212 2746 397 2806 oonfioienda
418 2746 538 2822 Heoyrs
567 2751 686 2823 poetam
709 2746 881 2806 adhibuisse
904 2769 920 2807 e
942 2748 1061 2809 tabulae
1085 2753 1192 2809 nature
1214 2749 1285 2810 effe·

212 2847 347 2921 serimus,
371 2849 428 2907 hoo
451 2855 531 2907 oerto
551 2848 771 2922 oonoludemus,
794 2869 893 2930 neque
915 2851 1089 2910 Terentium
1111 2852 1170 2912 alia
1192 2856 1285 2932 atque

212 2950 385 3027 Apollodori
418 2949 520 3010 fabule
550 2971 635 3010 usum
669 2971 749 3026 esse,
784 2958 815 3012 et
844 2953 997 3033 Heoyram
1028 2954 1184 3014 Menandri
1221 2975 1285 3014 esse

212 3073 367 3113 sommum.

721 3305 772 3374 Π.

295 3463 362 3522 Duo
387 3468 457 3523 sunt
477 3467 620 3542 quantum
635 3463 722 3524 video
738 3461 811 3536 looi,
835 3462 993 3543 inquibus
1016 3466 1052 3524 de
1074 3465 1192 3526 fabulae
1215 3485 1286 3526 oon·

210 3564 407 3626 taminatione
439 3566 629 3640 cogitandum
659 3586 725 3626 esse
755 3571 879 3626 oensent
900 3566 960 3628 viri
982 3568 1071 3628 doeti.
1115 3567 1161 3627 De
1190 3567 1286 3628 altero

209 3667 356 3727 Dnistzlro
370 3668 399 3746 ⁸)
421 3670 497 3728 haee
519 3669 675 3730 disseruit:

278 3858 304 3918 1)
323 3857 338 3904 l.
351 3857 367 3902 l.
386 3870 409 3917 p.
424 3858 481 3904 566.
501 3854 653 3918 calliopium
665 3869 763 3914 quoque
780 3855 806 3902 in
818 3869 848 3902 eo
861 3855 927 3914 quod
939 3856 1074 3905 Bembinns
1091 3856 1168 3905 tradit
1186 3857 1287 3906 addubi-

206 3945 273 3990 tasse
298 3942 378 3990 videri
402 3956 477 4002 snpra
503 3942 617 3990 vidimus.
636 3969 669 3976 -
694 3940 845 4002 Geppertum
863 3940 988 3990 Dalatako
1009 3943 1050 3998 blo
1076 3955 1173 4002 quoque
1198 3943 1233 3990 ita
1250 3957 1287 3990 ss·

206 4027 302 4086 quitur,
330 4032 356 4075 ut
374 4027 404 4075 de
423 4027 476 4075 eius
494 4029 618 4076 sententia
635 4027 773 4076 accuratius
791 4027 913 4076 disserere
938 4041 1028 4089 operas
1051 4029 1158 4090 pretium
1181 4042 1231 4077 non
1249 4028 1287 4076 ri·

208 4114 303 4161 deutur.

275 4197 365 4264 2)1.1.
382 4213 406 4260 p,
420 4201 460 4248 80,
480 4226 512 4234 -
530 4198 588 4245 ibid.
608 4199 662 4247 adn.
678 4201 720 4248 26.

1053 4294 1072 4346 2
