3266 4772
696 505 910 570 ..37-

352 664 442 722 ‘Nam
472 663 557 722 aiunt
585 667 682 722 tecum
711 659 779 738 post
808 660 922 720 duobus
945 659 1137 720 concubuisse
1167 679 1230 718 eam
1260 678 1342 718 men·

1086 760 1226 840 sibus'.¹)

265 867 344 931 Quid
367 887 437 943 ergo
459 868 568 926 mirum
590 867 614 926 si
636 867 681 925 ita
702 869 791 926 rebus
814 864 992 940 comparatis
1014 863 1188 939 Pamphilus
1210 864 1341 924 animum

263 989 335 1048 prae
357 988 389 1029 se
410 972 470 1029 fert
492 970 593 1028 dolore
615 966 781 1028 afflictum?

350 1072 459 1131 Contra
487 1071 601 1130 Laches
630 1075 661 1129 et
682 1069 849 1146 Phidippus
879 1074 1037 1148 postquam
1065 1072 1167 1131 natum
1195 1087 1259 1127 esse
1289 1087 1340 1127 ne-

264 1180 364 1250 potem
396 1174 589 1246 audiverunt,
622 1171 705 1248 pueri
729 1176 847 1248 partum
871 1170 1048 1247 suspicionis
1071 1189 1172 1230 ansam
1195 1171 1264 1228 dare
1286 1171 1340 1228 mi-

262 1276 342 1334 nime
369 1276 555 1351 profitentur.
600 1272 669 1332 Huc
689 1273 830 1352 pertinet
850 1273 993 1349 Phidippi
1024 1272 1097 1331 illud
1120 1272 1200 1352 quod
1222 1272 1341 1348 saepius

264 1377 573 1438 commemoravimus:

349 1483 365 1539 ‘.
382 1523 389 1538 .
406 1526 413 1539 .
429 1477 603 1555 praesertim
627 1497 692 1537 cnm
708 1482 738 1537 et
753 1482 834 1537 recte
849 1481 880 1536 et
895 1480 1030 1553 tempore
1052 1495 1105 1536 suo
1128 1472 1295 1553 pepererit'.
1308 1478 1339 1557 ²)

263 1582 368 1661 Neque
392 1580 512 1640 omnino
533 1597 584 1638 eos
602 1578 763 1658 quidquam
785 1595 898 1654 posse
922 1576 1065 1653 suspicari
1082 1577 1239 1656 Myrrhina
1252 1581 1339 1639 Pam-

262 1683 346 1759 philo
369 1682 502 1743 nuntiat:

347 1783 514 1844 ‘Parturire
545 1802 609 1843 eam
639 1801 695 1842 neo
725 1781 876 1858 mridam
911 1799 976 1841 esse
1006 1800 1046 1840 cx
1076 1785 1121 1856 te,
1156 1782 1237 1842 solas
1269 1803 1339 1844 oon-

1080 1879 1193 1945 scin's’r
1212 1885 1295 1964 —⁸)

262 1992 352 2072 atque
374 1989 454 2048 haud
475 1987 518 2048 ita
540 1985 633 2048 multo
656 1991 737 2064 post:

556 2093 573 2149 ‘.
596 2134 604 2149 .
628 2135 635 2149 .
658 2090 719 2149 scio
742 2089 853 2148 nemini
876 2087 907 2147 id
919 2087 947 2165 ⁴)
971 2092 1140 2165 suspectum
1163 2089 1236 2163 fore,

346 2193 441 2267 Quin,
472 2193 552 2273 qnod
575 2192 639 2253 veri
662 2191 802 2264 similest,
833 2211 872 2249 ex
894 2195 924 2251 te
946 2195 1026 2251 recte
1041 2201 1123 2251 'eum
1151 2197 1254 2252 natum
1282 2213 1336 2270 pn-

1078 2293 1203 2373 usust)

349 2396 458 2455 Tamen
481 2400 581 2474 potest
601 2394 768 2469 Phidippus
791 2395 827 2452 de
849 2397 934 2470 patre
957 2394 1107 2454 dubitasse
1127 2395 1239 2471 videri,
1270 2418 1336 2457 oum

262 2498 448 2577 Myrrhinam
469 2498 680 2573 interrogaret:

346 2579 481 2677 ‘Peperit
503 2599 585 2659 filia?
608 2601 685 2672 hem,
708 2597 809 2660 taces?
831 2616 870 2656 ex
892 2596 1031 2680 qno?'⁶)

259 2703 368 2762 Verum
391 2704 448 2764 hoo
469 2703 571 2780 paucis
593 2703 636 2762 ita
656 2707 755 2778 potest
778 2701 922 2778 expediri,
944 2704 979 2761 nt
1000 2701 1112 2761 nemini
1135 2702 1168 2762 in
1190 2722 1225 2762 eo
1249 2704 1334 2784 quid-

259 2823 347 2884 quam
374 2804 561 2885 relinquetur
583 2803 766 2864 offensionis.
809 2804 886 2862 Nam
909 2803 945 2862 de
967 2805 1056 2880 partu
1078 2803 1247 2881 Phidippus
1269 2814 1333 2868 erat

258 2907 387 2967 celatus:
410 2927 479 2968 casu
497 2926 563 2966 enm
580 2905 805 2967 animadvertit:
834 2905 940 2964 mirum
962 2905 995 2965 ni
1016 2906 1048 2965 id
1070 2906 1134 2966 seni
1157 2907 1335 2984 suspicionis

259 3010 408 3069 cuiusdam
438 3028 554 3070 cansam
583 3007 782 3085 praebuisset,
816 3013 847 3068 et
868 3007 953 3088 quasi
983 3008 1097 3068 inritus
1119 3009 1171 3068 ille
1194 3012 1334 3089 quodam·

258 3111 344 3171 modo
375 3112 490 3174 diffisus
519 3116 597 3172 esset
626 3116 657 3172 et
678 3110 767 3170 uxori
795 3115 826 3171 ct
851 3111 939 3170 filiae.
985 3109 1063 3176 Quid
1085 3130 1157 3172 vcro
1180 3113 1280 3189 potius
1301 3116 1334 3175 in

258 3215 456 3291 suspicionem
479 3214 579 3291 potuit
592 3213 696 3274 venire
719 3213 750 3271 in
774 3218 863 3289 partu
878 3212 982 3286 celato,
1005 3232 1094 3292 quam
1117 3233 1156 3273 ex
1178 3235 1237 3294 quo
1259 3237 1335 3294 puer

171 3324 175 3331 '
259 3322 343 3376 ortus
365 3317 462 3378 esset?
505 3317 665 3375 Praeterea
679 3334 780 3388 senex,
803 3319 838 3375 ut
853 3319 899 3375 est
921 3320 1028 3375 natura
1048 3317 1218 3390 vehemens,
1241 3319 1333 3379 domi-

258 3419 349 3478 nandi
372 3420 537 3492 studiosus,
566 3417 740 3491 iracundus,
773 3417 844 3498 quia
866 3416 979 3498 aliquid
1001 3417 1076 3477 clam
1099 3410 1261 3480 scientum
1285 3421 1332 3496 sit,

258 3521 290 3580 in
319 3526 383 3584 tota
411 3541 517 3583 scaena
544 3540 668 3580 uxorem
699 3519 856 3596 obiurgare
887 3524 977 3600 atque
1005 3520 1161 3599 increpare
1190 3522 1333 3585 conviciis

327 3722 352 3787 1)
370 3726 394 3784 ³,
413 3726 437 3784 8,
455 3725 497 3774 ³³.
652 3720 677 3786 2)
695 3726 720 3782 4,
740 3726 763 3782 1,
783 3724 823 3772 ld.
980 3723 1006 3788 3)
1025 3725 1048 3784 3,
1068 3727 1092 3784 8,
1112 3726 1151 3774 82.

325 3807 352 3874 4)
370 3809 436 3870 Quia
453 3823 497 3870 ego
515 3823 612 3868 qaoque
632 3808 718 3857 ‘aliter’
741 3808 847 3857 verbnm
871 3809 953 3856 adhuc
978 3811 1112 3871 explanare
1135 3813 1178 3858 ant
1200 3795 1331 3862 emendare

257 3909 360 3955 nequeo,
377 3895 404 3942 in
421 3896 593 3944 constituendo
610 3908 686 3974 versp
704 3895 859 3943 Fleckeissni
877 3895 1033 3944 coniecturas
1050 3894 1107 3960 (1.1.
1125 3911 1149 3957 p.
1165 3897 1227 3961 ⁶35)

566 3979 708 4046 ‘nsminsid
726 3996 777 4044 scio
795 3995 936 4057 suspectum
953 3997 1014 4045 fors’

256 4083 393 4144 obsequor,
418 4084 454 4132 its
469 4087 552 4131 tamen
569 4088 597 4130 at
613 4088 710 4132 tensam
734 4082 845 4130 ordinem
862 4082 996 4131 verborum
1022 4098 1078 4133 snm
1095 4084 1137 4147 qui
1155 4085 1261 4134 auditas
1281 4089 1328 4134 est.

255 4169 319 4219 Vide
336 4170 402 4218 infra
418 4184 443 4231 p.
457 4172 498 4220 48.

325 4257 351 4318 5)
370 4258 394 4316 3,
413 4257 438 4315 3,
455 4256 488 4304 ³8
501 4268 539 4314 sq.
820 4255 847 4316 6)
865 4256 889 4316 4,
910 4257 932 4314 1,
952 4256 993 4304 la.
