3266 4772
742 516 954 581 -50-

312 672 421 746 oratio,
445 673 586 754 quoniam
607 673 778 748 Myrrhina,
806 677 964 752 postquam
987 673 1023 731 dc
1045 670 1107 729 filia
1128 670 1203 745 egit,
1233 670 1270 728 de
1292 687 1384 745 puero

311 775 445 855 loquitur
470 793 564 854 usque
593 775 629 833 ad
652 773 750 833 finem.
794 774 843 833 Sic
865 773 1041 833 Conradtius
1064 791 1124 831 non
1147 773 1233 832 modo
1256 792 1317 831 non
1339 791 1386 830 re·

313 877 451 936 conciliat
473 895 549 956 quae
571 894 670 935 errore
691 876 804 936 fuerint
826 876 972 947 diiuncta,
1003 875 1053 934 sed
1082 874 1171 934 etiam
1200 891 1277 954 quae
1306 878 1386 932 recte

314 997 427 1036 conexa
448 978 516 1049 sint,
540 977 676 1037 dissolvit
697 981 787 1057 atque
810 977 934 1038 divellit.

399 1078 464 1136 Iam
485 1079 575 1137 unum
600 1084 693 1138 restat
715 1080 793 1158 quod
816 1080 945 1137 afferam.
990 1078 1108 1138 Etenim
1132 1078 1210 1157 quod
1233 1076 1388 1152 exipsius

314 1179 372 1240 viri
396 1179 476 1240 docti
498 1182 586 1241 claris
600 1181 907 1255 verbis,.intellegere
929 1199 996 1238 cum
1011 1180 1103 1240 verba
1124 1178 1207 1236 ‘Tum
1229 1160 1387 1258 postquam

313 1282 349 1339 ad
372 1286 402 1341 te
423 1279 515 1342 venit’
539 1285 574 1342 de
598 1284 719 1359 nuptiis,
743 1281 929 1360 perspicitur,
952 1286 1069 1341 nosmet
1091 1300 1180 1356 supra
1193 1281 1219 1358 ¹)
1242 1280 1329 1338 aliam
1351 1278 1386 1336 il-

312 1383 408 1441 lorum
423 1385 582 1443 verborum
603 1385 880 1462 interpretationem
903 1383 1067 1460 suscepisse
1086 1401 1208 1441 moneo:
1231 1400 1319 1460 quam
1335 1380 1387 1459 qui

313 1481 491 1559 probaverit,
514 1485 573 1544 iam
597 1506 632 1546 ea
654 1489 690 1546 de
713 1505 815 1560 causa,
838 1485 1035 1546 reiectaneam
1058 1503 1122 1543 essa
1143 1482 1294 1568 Conradtii
1318 1502 1386 1541 con·

313 1585 464 1659 iecturam,
486 1590 653 1649 necessario
674 1588 827 1648 iudicabit.

400 1686 483 1751 Quae
506 1709 571 1749 oum
594 1691 637 1751 its
658 1694 732 1764 sint,
765 1690 843 1749 salus
865 1689 964 1749 estin
986 1691 1122 1749 versibus
1144 1706 1205 1745 non
1229 1692 1331 1746 contra
1352 1686 1387 1744 li-

314 1791 435 1849 brorum
456 1794 627 1853 memoriam
650 1793 821 1853 traiciendis
844 1793 894 1850 sed
911 1795 945 1850 ut
958 1792 1101 1868 perhibiti
1116 1793 1187 1850 sunt
1201 1793 1281 1847 recte
1295 1789 1387 1848 inter-

313 1893 475 1967 protendis.

401 1993 458 2053 Sad
482 1995 540 2053 iam
563 1995 675 2056 diutius
698 2016 784 2075 quam
808 2016 862 2074 par
884 2002 929 2057 est
957 1997 989 2054 in
1012 1997 1068 2055 hcc
1089 1995 1155 2056 loco
1179 1999 1313 2054 accurate
1336 2013 1387 2052 cx-

315 2096 452 2170 ponendo
467 2097 578 2157 versati
601 2117 634 2157 ao
654 2100 867 2174 propemodum
890 2099 1049 2175 exspatiati
1072 2119 1189 2157 sumus:
1212 2115 1266 2172 age
1286 2097 1388 2154 redea-

315 2215 380 2255 mus
408 2198 444 2256 ad
467 2217 532 2258 eam
561 2219 638 2273 rem,
670 2219 746 2280 quae
777 2220 864 2260 causa
892 2201 951 2260 fuit
976 2201 1065 2261 huius
1093 2200 1151 2260 loci
1179 2198 1388 2276 pertractandi.

314 2299 422 2379 Itaque
450 2321 518 2374 nos,
550 2304 639 2379 paulo
662 2303 839 2381 explicatius
862 2323 949 2384 quam
973 2304 1063 2367 ceteri
1091 2303 1171 2362 hunc
1192 2303 1288 2362 locum
1311 2301 1387 2360 diffi-

315 2400 457 2460 cillimum
484 2404 674 2481 interpretati
702 2412 754 2465 aut
780 2412 860 2466 certa
889 2405 1079 2482 interpretari
1109 2411 1199 2485 atque
1228 2402 1388 2481 explanare

315 2505 422 2578 conati,
445 2524 495 2565 aas
517 2506 714 2580 difficultates,
737 2509 769 2565 in
786 2509 894 2587 quibus
915 2508 973 2568 viri
990 2509 1067 2568 docti
1090 2508 1186 2567 adhue
1201 2507 1388 2578 offenderint,

314 2606 473 2666 maximam
502 2615 617 2684 partem
645 2609 792 2669 removeri
820 2628 907 2685 posse
936 2611 1075 2671 vidimus.
1126 2610 1236 2668 'lamen
1267 2609 1292 2667 si
1322 2608 1389 2687 quis

316 2712 488 2783 contendat,
519 2712 650 2791 relinqui
672 2711 761 2771 etiam
783 2711 832 2771 hic
853 2708 1012 2771 nonnullas
1035 2711 1248 2787 discrepantias
1277 2713 1388 2772 similes

316 2832 416 2872 earum
440 2813 474 2871 de
497 2813 607 2892 quibus
629 2833 719 2891 supra
741 2814 971 2889 explicavimus,
993 2833 1054 2872 non
1077 2819 1180 2874 contra
1202 2814 1276 2874 dico.
1321 2815 1387 2880 Quo

318 2934 396 3000 vero„
412 2919 499 2990 pacto
523 2934 625 2975 omnes
652 2914 719 2974 illas
749 2915 963 2992 discrepantias
993 2916 1091 2975 illatas
1113 2934 1177 2976 esse
1203 2917 1235 2975 in
1257 2918 1388 2977 fabulam

316 3013 520 3077 censebimus?
563 3016 674 3093 Supra,
706 3017 817 3078 ubido
844 3019 950 3077 ceteris
979 3018 1040 3076 illis
1066 3017 1140 3078 locis
1169 3018 1297 3094 egimus,
1328 3040 1389 3079 non

316 3118 387 3179 novi
403 3118 564 3198 quidquam
586 3120 617 3178 in
634 3120 813 3179 comoediam
835 3119 949 3193 inferri,
973 3120 1025 3179 sed
1045 3119 1195 3180 immutari
1214 3126 1304 3201 atque
1322 3142 1388 3198 per·

315 3221 392 3282 verti
416 3224 447 3279 et
460 3221 611 3297 agentium
627 3240 769 3298 personas
784 3227 815 3282 et
829 3240 877 3281 res
891 3222 972 3298 ipsas
986 3221 1204 3282 constituimus.
1248 3223 1389 3304 Sequitur

315 3328 350 3384 nt
371 3327 461 3401 poeta
482 3341 543 3382 non
557 3323 807 3384 contaminatione
829 3324 882 3383 illa
900 3325 931 3384 in
948 3324 1128 3384 comoediam
1150 3324 1315 3400 immisisse,
1337 3328 1388 3385 scd

318 3445 353 3485 ea
381 3444 457 3506 quae
485 3430 638 3501 praeterea
667 3425 857 3502 descripserit
886 3427 1101 3506 quodammodo
1125 3426 1236 3488 oblitus
1258 3447 1322 3488 esse
1345 3429 1389 3488 vi·

317 3531 429 3589 deatur.
473 3525 598 3586 Accedit
623 3525 698 3584 illud
721 3529 800 3605 quod
822 3527 1039 3604 Lauewigus2)
1061 3527 1153 3601 vidit,
1183 3530 1270 3589 utin
1293 3537 1349 3592 act.
1364 3531 1389 3589 1.

317 3636 391 3692 sea
415 3633 447 3690 et
468 3626 602 3688 Sostrata
623 3633 654 3688 et
675 3629 867 3703 Philumena,
899 3647 1024 3710 quarum
1050 3647 1192 3704 personas
1214 3633 1336 3690 maximi
1358 3633 1390 3690 in

316 3731 418 3791 fabula
450 3730 565 3805 agenda
597 3733 740 3792 momenti
773 3751 837 3792 esse
870 3733 1009 3807 apparet,
1043 3731 1087 3790 ita
1116 3739 1390 3806 commemorentur,

298 3833 402 3916 quasi
424 3833 482 3891 iam
505 3837 574 3892 ante
596 3832 629 3890 in
647 3851 753 3892 scaena
774 3833 887 3892 fuerint
904 3831 1182 3914 spectatoribusque
1203 3834 1265 3894 sint
1287 3841 1390 3895 notae:

318 3956 383 3995 cum
405 3939 504 3993 tamen
526 3953 621 4014 usqua
636 3954 671 3993 eo
690 3955 787 4014 neque
809 3937 840 3993 in
857 3953 992 3993 scaenam
1015 3933 1181 4011 prodierint
1202 3954 1300 4016 neque
1323 3956 1390 3996 nar-

317 4038 431 4097 ratione
455 4053 531 4116 quae
555 4056 606 4095 eac
629 4036 691 4095 sint
712 4038 752 4097 sit
774 4037 951 4114 expositum.

389 4176 400 4220 1
450 4173 526 4222 ,θῦε
546 4205 551 4218 .

387 4171 413 4315 ti
430 4186 555 4322 l'Baitrlidlc
573 4271 616 4305 rur
631 4256 718 4305 Kritik
735 4257 779 4304 das
798 4254 900 4303 Tercna'
918 4271 942 4316 p.
956 4257 979 4303 8.
