3266 4772
802 423 1015 488 ..16-

458 575 541 639 Quae
556 581 627 636 sunt
641 577 734 651 igitur
748 577 801 636 illa
815 582 991 653 argumenta
1013 578 1201 638 extrinsecus
1223 579 1391 656 repetenda
1401 577 1451 656 ¹)?

458 677 592 764 Primum
620 680 650 738 id
683 680 762 759 quod
790 679 930 738 Sidonius
959 681 1052 739 tradit
1082 685 1252 756 suspectum
1282 685 1343 752 est,
1379 679 1452 758 quia

372 779 423 839 ille
447 781 576 857 scriptor
596 782 772 860 posterioris
802 781 910 840 aetatis
941 781 1021 841 solus
1044 783 1129 842 test-is
1152 789 1198 841 est
1220 783 1256 841 de
1278 781 1451 841 fabularum

372 882 578 944 similitudine.
622 886 671 943 Ite
699 903 770 943 vero
799 884 889 942 rebus
920 885 1098 960 comparatis
1126 885 1214 943 fidem
1244 882 1356 942 habere
1389 902 1451 941 non

369 983 442 1043 lieet
462 985 521 1044 nisi
545 985 571 1044 ei
595 985 751 1062 scriptori,
785 985 869 1045 ouius
899 986 973 1044 fides
1003 1007 1057 1064 per
1078 1007 1110 1046 se
1141 987 1214 1046 satis
1243 990 1326 1045 certa
1355 989 1450 1064 atque

369 1088 495 1163 probata
517 1087 564 1146 sit.
609 1092 649 1146 st
670 1093 788 1147 tantum
809 1090 895 1146 abest
915 1093 951 1147 ut
972 1089 1095 1147 Sidonio
1118 1088 1267 1148 confidere
1299 1087 1390 1146 nobis
1413 1085 1451 1143 li-

370 1193 450 1262 ceat,
480 1195 515 1248 ut
538 1189 627 1249 etiam
650 1210 666 1249 e
689 1190 806 1249 dicendi
830 1208 940 1264 genere
961 1210 1083 1264 gravem
1106 1187 1303 1249 dubitationis
1327 1207 1452 1248 eausam

369 1291 562 1367 repetendam
585 1311 649 1352 esse
672 1311 760 1370 supra
781 1291 945 1353 viderimus
956 1291 995 1370 ¹).

455 1394 549 1453 Porro
579 1393 711 1454 levitatis
733 1392 936 1472 vanitatisque
966 1394 1079 1454 cumen
1103 1414 1170 1454 eum
1192 1414 1254 1454 non
1275 1373 1381 1467 fugere
1406 1425 1449 1434 -

371 1496 482 1572 quippe
505 1496 572 1576 qui,
603 1517 674 1556 num
697 1515 769 1556 vern
792 1501 822 1555 et
843 1502 927 1556 recta
950 1497 1012 1555 sint
1034 1479 1110 1575 quae
1131 1496 1257 1570 indicet,
1286 1494 1451 1574 exquirere

368 1599 560 1674 supersedeat
581 1633 623 1644 —
646 1619 681 1659 ea
703 1605 783 1659 certe
806 1620 847 1672 re,
871 1600 950 1680 quod
972 1601 1053 1658 inter
1068 1597 1218 1676 Hecyram
1233 1597 1450 1657 Terentianum

369 1703 400 1756 et
433 1700 642 1778 Epitrepontis
676 1703 876 1762 Menandreae
912 1704 1081 1776 fragmenta
1113 1721 1151 1759 ne
1184 1702 1290 1759 umbra
1323 1698 1449 1779 quidem

369 1799 574 1861 similitudinis
595 1804 726 1864 inveniri
749 1809 864 1881 potest,
895 1803 1065 1863 luculenter
1094 1803 1292 1878 cognoscitur.
1338 1801 1396 1864 sed
1421 1800 1448 1859 si

368 1902 418 1982 qui
436 1904 515 1963 forte
531 1910 600 1964 suut
616 1904 733 1985 quibus,
758 1924 834 1984 quae
849 1905 946 1964 adhuc
968 1903 1000 1963 in
1020 1904 1152 1964 medium
1173 1904 1361 1982 protulimus,
1384 1923 1448 1962 non

368 2005 536 2080 sufficiant,
568 2007 645 2065 addo
669 2026 779 2067 novum
802 2011 1023 2080 argumentum.
1068 2007 1188 2065 Etenim
1211 2006 1300 2064 -si
1324 2005 1447 2085 quidem

369 2127 472 2168 verum
496 2115 549 2182 est,
574 2111 652 2188 quod
675 2109 859 2170 Ritschelius
881 2108 995 2185 primos
1019 2108 1205 2185 opinabatur,
1228 2108 1364 2167 hausisse
1383 2107 1446 2166 Do-

371 2214 474 2270 natum
496 2211 545 2272 vel
568 2213 632 2272 eius
655 2217 816 2272 sectatores
845 2211 1036 2272 eveteribus
1066 2210 1289 2272 commentariis
1312 2210 1444 2269 Graecae

369 2314 489 2374 fabulae
512 2315 651 2375 notitiam
673 2349 715 2359 -
737 2315 809 2395 quid
832 2321 878 2374 est
900 2334 1015 2389 causae,
1039 2335 1093 2375 our
1106 2315 1243 2375 Donatus
1265 2333 1304 2373 ex
1319 2311 1443 2389 Apollo·

368 2417 434 2476 dori
456 2419 578 2496 Hecyra
599 2418 711 2477 totiens
740 2418 847 2477 afferat
869 2418 1021 2495 exempla,
1051 2417 1209 2477 Menandri
1239 2415 1371 2475 fabulam
1401 2413 1441 2472 si-

367 2518 460 2579 lentio
483 2519 672 2597 praetereat?

453 2620 536 2684 Quae
558 2642 625 2681 cum
647 2621 692 2681 ita
713 2621 781 2694 sint,
804 2640 839 2679 eo
861 2641 910 2681 res
932 2627 1075 2699 provecta
1090 2627 1144 2695 est,
1168 2627 1202 2681 nt
1223 2627 1322 2681 actum
1345 2621 1384 2680 sit
1403 2620 1440 2678 de

368 2722 498 2796 Sidonio,
521 2729 629 2798 agatur
650 2725 686 2782 de
709 2723 824 2781 duobus
845 2723 906 2782 illis
929 2744 1006 2804 quae
1028 2731 1142 2785 restant
1164 2724 1353 2784 testimoniis.
1398 2727 1439 2782 st

367 2825 435 2885 vide
459 2833 570 2904 quanto
593 2845 683 2902 opere
706 2843 741 2883 ea
762 2824 843 2883 inter
865 2845 897 2884 se
919 2827 1104 2904 discrepent:

495 2927 617 2986 ‘Graeca
640 2923 824 3001 Menandru',
847 2929 926 3007 quod
950 2929 1049 2988 estin
1072 2929 1225 3000 Bembina,

495 3031 618 3090 ‘Graeca
640 3026 833 3107 Apollodori',
857 3031 935 3110 quod
959 3031 1052 3091 tradit
1074 3031 1218 3090 Donatus.

451 3135 559 3213 Itaque
582 3132 607 3191 si
630 3138 697 3193 uter
719 3133 804 3193 testis
823 3133 923 3211 potius
939 3135 1106 3213 sequendus
1122 3134 1162 3192 sit
1176 3129 1354 3211 quaerimus,
1377 3129 1437 3206 pri-

365 3339 414 3372 non
434 3328 499 3371 reete
518 3321 633 3370 tradidit:
660 3321 750 3368 etenim
769 3336 843 3382 saepe
861 3322 886 3368 in
904 3321 1044 3369 fabularum
1061 3321 1139 3368 titulis
1156 3318 1323 3380 significandis
1341 3334 1437 3380 permu-

365 3411 412 3457 tari
430 3424 545 3457 numeros
562 3407 709 3457 invenimus.
745 3408 775 3456 ci.
796 3407 910 3455 Grauert.
930 3408 1004 3455 Anal.
1023 3423 1047 3468 p.
1062 3409 1109 3455 148
1128 3407 1185 3454 adn.

435 3492 460 3562 1)
478 3496 588 3542 Primum
612 3495 775 3542 Bitschelium
801 3507 831 3542 ea
855 3498 921 3541 recte
946 3493 1113 3554 composuisse
1136 3507 1212 3553 supra
1233 3494 1438 3541 commemoravi:

364 3594 437 3639 quem
454 3581 495 3628 hic
512 3581 595 3639 aliqua
611 3594 642 3628 ex
659 3586 730 3641 parte
748 3593 845 3639 sequor.

435 3663 460 3729 l)
478 3667 564 3726 Neque
581 3667 651 3714 aliter
669 3665 824 3713 chosredus
842 3665 988 3725 Bernhardy
1013 3664 1160 3726 (Grundriss
1178 3666 1221 3713 der
1239 3667 1378 3715 rdmischen
1396 3667 1438 3712 Li·

363 3751 446 3798 rstur⁶
466 3766 489 3810 p.
503 3755 553 3801 844
565 3755 613 3812 sq.)
632 3753 662 3800 de
681 3767 709 3800 eo
728 3751 860 3799 iudicavit:

434 3837 531 3896 „Allein
552 3853 578 3885 er
597 3839 786 3886 verschwendet
798 3839 908 3886 Phrasen
928 3838 977 3884 und
989 3837 1160 3897 Redefignren,
1180 3852 1236 3898 man
1255 3839 1345 3898 marlot,
1363 3839 1437 3886 dass

364 3943 396 3974 es
414 3927 476 3974 ihm
495 3924 587 3972 nieht
605 3925 663 3971 aus
678 3924 865 3984 Wahrheit,
885 3924 1029 3972 soudern
1047 3925 1104 3972 auf
1120 3923 1229 3973 (illanc
1247 3926 1309 3972 und
1327 3925 1438 3973 schul-

364 4011 503 4071 mitssige
522 4011 685 4058 Rhetorik
709 4011 841 4057 anisam:
867 4011 944 4058 daher
961 4012 1022 4060 ldsst
1039 4013 1091 4060 sich
1110 4014 1155 4061 der
1173 4013 1322 4061 historische
1340 4013 1436 4076 Werth,

363 4099 410 4146 den
428 4099 496 4145 seine
514 4097 596 4143 Briese
612 4096 767 4155 verborgen,
794 4109 841 4142 nur
859 4096 975 4145 unsicher
992 4112 1037 4147 aue
1056 4099 1104 4147 deu
1123 4100 1209 4148 Tieieu
1228 4099 1309 4148 dieses
1326 4100 1438 4148 dunkleu

363 4183 413 4234 und
430 4183 610 4243 geschraubten
628 4182 749 4244 Vortrags
768 4183 933 4246 ergriiudeu.“
