3266 4772
731 422 773 432 -
817 387 860 453 Ἃ
903 423 944 433 -

291 543 347 602 Ph.
378 541 467 606 ‘Quid
489 541 623 602 interea?
644 543 747 602 ibatne
770 543 806 602 ad
829 542 1027 603 Bacchidem?
1070 544 1123 603 Pa
1146 538 1322 620 cotidi01).’

377 645 549 723 Eodemque
570 645 658 705 modo
681 650 785 722 postea
806 645 921 704 Laches
951 646 1046 704 iratus
1068 645 1163 704 filium
1194 645 1243 704 his
1265 645 1366 704 verbis

291 747 442 824 increpat:

293 850 345 907 La.
379 848 542 924 ‘Oonfiugis
563 848 654 908 falsas
675 867 779 908 causas
800 851 836 908 ad
859 849 1047 920 discordiam,

378 951 419 1009 Ut
440 970 507 1010 cum
529 950 581 1010 illa
602 951 695 1024 vivas,
717 955 824 1011 testem
846 953 924 1011 hanc
948 971 1036 1032 quom
1059 953 1111 1010 abs
1134 956 1164 1010 te
1187 951 1351 1012 amoveris:

379 1052 538 1132 Sensitque
561 1054 634 1113 adeo
656 1073 747 1113 uxor:
770 1073 840 1112 nam
863 1054 888 1113 ei
914 1073 1002 1114 causa
1024 1054 1082 1114 alia
1105 1073 1182 1133 quae
1203 1053 1270 1126 fnit,

382 1155 581 1220 Quamobrem
603 1157 655 1215 abs
678 1161 708 1214 te
730 1154 843 1214 abiret?
887 1157 944 1215 Ph.
966 1157 1059 1216 Plane
1076 1156 1128 1218 hic
1142 1155 1275 1216 divinat:
1299 1175 1368 1214 nem

1112 1257 1143 1316 id
1167 1253 1277 1334 est’22)
1301 1289 1341 1300 -

296 1359 379 1417 etin
402 1359 504 1418 eadem
527 1364 634 1418 scaena
656 1358 823 1437 Phidippus
1351 1429 1356 1437 ¹

243 1459 245 1463 ’
382 1464 555 1538 ‘Propterea
576 1463 651 1520 haec
672 1458 764 1536 irast’,
788 1461 839 1534 ait,
863 1466 941 1521 ‘nam
962 1462 1029 1540 ipsa
1050 1461 1186 1521 narravit
1207 1457 1342 1536 mihi.’³)

382 1566 423 1624 st
443 1563 491 1624 his
512 1564 587 1623 locis
610 1563 698 1640 plane
722 1564 932 1624 contradicunt
960 1563 1056 1640 ipsius
1078 1563 1238 1624 Bacchidis
1266 1567 1369 1622 sancta

298 1665 435 1746 seriaque
457 1666 643 1725 testimonia:
666 1666 720 1724 illa
742 1666 820 1725 enim

383 1767 423 1827 ‘Si
440 1767 519 1826 aliud
537 1764 661 1840 scirem’,
685 1768 736 1841 ait,
760 1768 821 1847 ‘qui
836 1769 956 1829 firmare
974 1787 1068 1827 meam
1087 1768 1165 1846 apud
1181 1787 1235 1828 vos
1253 1787 1370 1846 possem

1115 1871 1213 1943 fidem,

383 1971 521 2032 Sanctius
544 1971 700 2050 quamius
722 1970 897 2044 iurandum,
919 1972 949 2030 id
973 1973 1132 2049 pollicerer
1153 1973 1224 2046 tibi,
1248 1973 1371 2045 Laches,

384 2075 578 2149 segregatum
601 2073 756 2144 habuisse,
788 2092 912 2132 uxorem
933 2079 968 2135 ut
989 2076 1088 2149 duxit,
1122 2095 1207 2134 ame
1230 2075 1372 2153 Pamphi·

1116 2178 1178 2237 lum
1190 2173 1239 2256 ι).’

385 2279 448 2338 Neo
476 2282 577 2338 umen
599 2296 634 2337 ea
656 2277 736 2338 aliud
766 2278 839 2340 dicit
860 2279 942 2342 uliud
965 2282 1072 2354 sentit,
1104 2302 1170 2364 cum
1193 2280 1282 2359 paulo
1306 2285 1374 2357 post

301 2381 365 2441 sola
384 2401 485 2442 secum
506 2383 661 2463 loquetur:

386 2487 459 2560 ‘Ego
476 2486 545 2543 dum
560 2483 613 2543 illo
626 2484 773 2544 licitumst
786 2477 841 2543 usa
857 2505 921 2544 sum
936 2485 1066 2559 benigno
1084 2490 1114 2545 et
1128 2482 1228 2562 lepido
1245 2488 1275 2544 et
1287 2484 1373 2544 comi.

385 2587 576 2646 Incommode
598 2585 672 2644 mihi
696 2586 809 2664 nuptiis
828 2587 942 2647 evenit:
963 2588 1076 2647 factum
1096 2585 1202 2647 futeor’
1224 2584 1314 2665 eto.⁶)
1333 2621 1373 2632 -

277 2701 279 2706 ⁴
386 2689 492 2769 Neque
513 2689 587 2748 illud
610 2688 859 2767 praetereundum
883 2694 936 2763 est,
960 2689 1141 2768 Phidippum
1158 2708 1286 2770 quoque,
1307 2709 1375 2748 cum

301 2791 351 2852 hic
380 2790 465 2851 tostis
496 2789 607 2850 existat
637 2791 875 2864 consuetudinis,
907 2811 982 2871 quce
1011 2792 1103 2852 fricuit
1125 2790 1284 2868 Pamphilo
1308 2810 1374 2850 cum

301 2894 462 2967 Bacchide,
494 2892 602 2952 mirum
625 2897 768 2973 quantum
792 2912 810 2951 a
832 2914 863 2953 se
886 2894 1038 2954 dissidere.
1082 2897 1158 2954 Nam
1189 2913 1255 2952 cum
1286 2897 1375 2952 autea

303 3001 339 3058 de
361 3015 454 3076 puero
477 2994 522 3052 nil
537 2993 695 3067 rescierit,
719 3013 737 3052 a
759 2996 917 3073 Pamphilo
940 3016 1028 3068 vero,
1051 2997 1139 3056 malle
1161 3015 1228 3055 eum
1251 3016 1375 3056 uxorem

304 3119 393 3182 quam
415 3102 542 3157 matrem
562 3097 688 3174 perdere
711 3096 875 3170 audiverit,
905 3099 1029 3158 ineunte
1052 3103 1121 3157 actu
1143 3101 1266 3179 quarto,
1294 3110 1376 3176 post-

305 3224 393 3284 quam
411 3205 515 3261 natum
532 3220 656 3277 puerum
674 3198 827 3278 comperit,
850 3201 1044 3261 vehementer
1058 3201 1196 3278 increpat
1211 3201 1375 3272 mulierem,

304 3308 415 3387 qnippe
437 3322 513 3384 quae
535 3303 627 3362 totius
649 3301 844 3362 dissensionis
866 3308 970 3363 auctor
991 3304 1092 3364 fuerit
1137 3303 1186 3362 Sic

390 3408 504 3468 ‘Adeon
521 3404 669 3482 pervicaci
686 3423 751 3464 esse
767 3404 886 3478 animo’,
909 3405 960 3479 ait,
984 3409 1027 3465 ‘ut
1043 3425 1167 3482 puerum
1183 3409 1375 3482 praeoptares

1123 3508 1230 3584 perire,

388 3614 437 3672 Ex
456 3630 514 3690 quo
531 3609 692 3669 firmiorem
708 3608 789 3669 inter
807 3629 860 3668 nos
875 3611 940 3669 fore
956 3611 1117 3671 amicitiam
1133 3612 1259 3687 posthac
1275 3609 1376 3683 scires,

390 3713 495 3773 Potius
518 3731 607 3793 quem
629 3712 788 3772 advorsum
816 3711 907 3771 animi
937 3713 981 3771 tui
1011 3711 1177 3772 lubidinem
1205 3717 1284 3771 esset
1311 3731 1376 3772 cnm

305 3898 509 3909 ——
1121 3814 1173 3874 illo
1196 3813 1302 3892 nupta!

374 3964 399 4033 1)
417 3968 437 4025 1,
457 3969 480 4026 2,
499 3969 541 4016 82.
902 3965 927 4026 Β)
944 3967 1000 4024 llll,
1020 3968 1043 4023 4,
1064 3967 1173 4014 'dl-74.

374 4052 537 4118 amm.
900 4049 1148 4115 cumam

375 4135 594 4210 quamq
