3266 4772
698 357 992 461 '.„32-

430 555 519 612 ‘Nam
549 551 633 612 aiunt
661 554 758 637 teoum
789 556 859 629 post
887 552 1003 611 duobus
1032 550 1226 613 concubuisse
1251 569 1314 610 sam
1338 567 1420 608 men-

1162 647 1262 712 sibus'

343 759 418 816 Nam
432 757 456 816 si
468 756 583 816 duobus
595 756 746 816 mensibus
762 760 830 831 post
844 753 965 832 nuptias
980 774 1045 813 oum
1061 773 1097 812 ea
1111 753 1281 826 oonoubuit,
1301 753 1423 812 Baeohi·

344 860 389 918 dis
404 878 475 920 vero
491 857 672 930 testimonio,
695 874 802 916 novem
817 862 870 916 ant
884 856 985 915 deoem
1001 874 1117 915 menses
1140 856 1329 931 praeteriisse
1352 854 1421 912 inde

345 959 503 1035 uvirginis
520 958 738 1034 compressione
753 977 847 1037 usque
870 957 905 1016 ad
927 957 958 1015 id
980 957 1123 1033 temporis
1146 964 1337 1030 momentum,
1361 975 1420 1035 quo

343 1062 442 1138 egitur
464 1059 581 1132 fabula,
605 1059 748 1133 effioitur,
779 1060 831 1139 qui
854 1059 972 1119 tandem
994 1059 1059 1118 fieri
1082 1059 1196 1135 potuit,
1227 1079 1248 1116 u
1283 1053 1422 1118 ‘abortus'

344 1166 375 1222 et
396 1181 429 1221 rs
451 1163 517 1237 ipsa
538 1166 569 1220 et
590 1163 691 1221 verbis
714 1181 775 1220 non
797 1159 961 1222 existeret?

431 1263 480 1323 sio
502 1282 561 1322 non
585 1263 773 1338 expedivisse
800 1263 973 1333 Fielitnium
997 1262 1189 1322 difficultates
1212 1267 1347 1338 apertum
1370 1266 1423 1321 est.

347 1370 456 1428 Verum
473 1367 596 1441 insuper
611 1370 704 1425 restat
717 1370 925 1441 argumentum
941 1385 1000 1444 quo
1016 1365 1093 1422 nihil
1109 1364 1228 1423 omnino
1245 1383 1311 1422 eum
1328 1364 1423 1440 egisse

346 1473 497 1548 probetur.
544 1471 607 1543 Age
622 1467 681 1525 iam
697 1467 890 1542 respiciamus
908 1465 938 1525 id
955 1467 1036 1547 quod
1050 1467 1143 1527 totius
1158 1465 1424 1541 argumentationis

346 1571 433 1652 quasi
455 1571 681 1630 fundamentum
704 1575 749 1629 est
771 1570 850 1627 unde
872 1569 919 1629 vir
940 1570 1044 1629 doetus
1067 1587 1102 1628 ea
1118 1587 1193 1647 quae
1217 1568 1313 1627 adhue
1335 1585 1424 1644 repu-

346 1675 473 1734 tavimus
496 1672 683 1732 oonoluserit.

432 1775 550 1834 Etenim
581 1778 739 1854 postquam
770 1775 806 1832 de
829 1775 1015 1833 Parmenone
1045 1791 1130 1835 servo
1159 1773 1237 1834 dixit
1265 1773 1312 1847 id,
1345 1773 1424 1853 quod

347 1897 436 1954 supra
457 1876 643 1954 protulimus,
660 1863 709 1937 'sio
730 1877 848 1953 pergit:

433 1979 509 2052 „Die
530 1978 797 2053 Zeitbestimmung
819 1979 870 2037 des
894 1979 1002 2038 Verres
1026 1983 1055 2051 3,
1080 1984 1107 2052 3,
1134 1983 1181 2052 34,
1204 1977 1330 2041 wonaoh
1351 1976 1424 2034 Phi-

347 2082 467 2140 lumena
489 2081 529 2138 im
554 2081 703 2139 7.r10nat
725 2080 776 2138 des
791 2079 965 2156 Pamphilus
981 2079 1084 2140 Gattin
1107 2080 1155 2153 ist,
1178 2079 1253 2142 wird
1268 2079 1425 2154 widerlegt

350 2183 442 2242 dureh
464 2183 550 2241 ihren
575 2183 682 2255 vater,
713 2182 766 2241 der
788 2182 1017 2259 sioh(4,1,15
1039 2182 1097 2262 sq.)
1118 2183 1269 2256 wundert,
1292 2182 1424 2245 weshalb

351 2304 418 2344 man
442 2287 519 2345 donn
542 2304 594 2342 aus
617 2284 669 2343 der
686 2283 882 2364 Enthindung
904 2283 953 2342 ein
969 2283 1156 2344 Geheimniss
1179 2285 1316 2361 gemaoht
1338 2285 1424 2357 habe,

437 2388 618 2466 ‘praesertim
642 2407 708 2446 oum
732 2394 762 2448 et
783 2394 863 2449 reete
886 2393 917 2448 et
938 2394 1072 2464 tompore
1095 2409 1147 2448 suo
1171 2385 1340 2464 pepererit!

352 2489 504 2550 Violmehr
533 2491 598 2550 sind
622 2490 665 2550 sie
688 2490 745 2549 seit
768 2495 786 2547 9
811 2491 882 2549 oder
907 2493 945 2550 lo
965 2491 1107 2550 Monaten
1130 2490 1328 2565 verheiratet,
1358 2490 1427 2549 bald

352 2593 427 2651 naoh
447 2593 546 2676 jensm
569 2591 760 2654 nacholiohen
782 2594 970 2666 Abentsusr,
1000 2612 1062 2652 von
1083 2595 1150 2652 dem
1172 2593 1296 2655 Baoohis
1326 2595 1374 2670 (5,
1399 2597 1426 2666 3,

354 2694 493 2773 24-34)
515 2695 681 2755 beriohtet“
704 2700 758 2754 ete.

439 2795 554 2859 Quibus
575 2798 668 2873 igitur
690 2797 873 2873 argumentis
895 2797 978 2857 nisus
999 2797 1047 2859 vir
1065 2799 1169 2858 doetus
1190 2799 1273 2874 prius
1295 2798 1426 2860 testimo·

352 2899 434 2958 nium
457 2901 585 2971 damnat,
607 2898 683 2957 illud
705 2900 831 2959 alterum
853 2899 954 2960 tenet?
998 2900 1089 2959 Nulla
1107 2903 1185 2981 quod
1201 2901 1318 2962 videam
1340 2920 1426 2976 argu·

352 3005 452 3060 menta
481 3002 583 3074 affert,
617 3004 668 3061 sed
697 3002 873 3079 simplieiter
901 3004 1026 3064 alterum
1056 3024 1175 3065 versum
1205 3004 1299 3066 altero
1329 3004 1426 3065 refelli

351 3105 471 3165 iudicat.
516 3103 630 3168 Quodsi
660 3106 748 3166 etiam
772 3126 827 3166 uos
849 3108 926 3167 hano
948 3107 1095 3183 probandi
1117 3108 1263 3168 rationem
1285 3106 1426 3167 adhibere

352 3206 503 3282 volumus,
537 3207 608 3287 quid
639 3208 765 3285 impedit
796 3209 954 3289 quominus
984 3215 1088 3272 eontra
1121 3211 1253 3272 dieentes
1286 3211 1426 3271 eioiamus

352 3312 444 3372 verba
466 3311 616 3387 Phidippi,
638 3311 823 3372 vindicemus
844 3331 962 3373 versum
984 3312 1069 3372 illum

438 3413 525 3473 ‘Tum
547 3418 703 3494 postquam
727 3415 763 3474 ad
785 3419 815 3475 te
832 3415 916 3477 venit
938 3416 1048 3475 mensis
1062 3417 1161 3492 egitur
1181 3416 1231 3476 hio
1251 3415 1309 3475 iam
1326 3419 1426 3491 septu·

1170 3515 1253 3592 mus',

352 3624 388 3680 ut
415 3620 551 3697 nupsisse
580 3638 644 3678 eam
668 3619 825 3696 Pamphilo
856 3623 925 3680 ante
952 3623 1066 3698 septem
1093 3639 1210 3682 menses
1238 3621 1425 3697 exploratum

353 3722 408 3783 sit?
445 3723 502 3782 Sed
524 3722 568 3783 ita
588 3726 710 3799 agentes
732 3721 809 3781 nihil
831 3742 918 3799 agere
940 3742 995 3783 nos
1017 3741 1137 3802 quoque
1159 3724 1347 3784 manifestum
1370 3730 1424 3784 est.

438 3825 577 3906 Denique
599 3846 637 3886 ne
658 3827 689 3886 id
712 3827 847 3906 quidem,
877 3829 955 3886 unde
977 3828 1128 3903 profectus
1149 3833 1209 3902 est,
1232 3846 1336 3887 versus
1356 3827 1426 3888 illos

353 3929 432 3988 inter
454 3947 518 3988 sese
541 3928 722 4005 disorepare,
752 3935 832 3989 reots
854 3930 901 3989 vir
923 3931 1027 3989 doetus
1055 3931 1220 4006 suspicatus
1242 3933 1303 3990 est:
1334 3929 1424 3988 immo

354 4030 466 4107 optime
487 4049 538 4089 eos
558 4029 639 4090 inter
659 4050 690 4090 se
713 4031 881 4107 conspirare
902 4032 982 4091 infra
1002 4033 1178 4094 ridebimus.

440 4135 479 4194 ut
501 4133 639 4213 quoniam
663 4133 833 4193 Fielitrium
856 4133 931 4193 nihil
954 4134 1115 4210 profecisse
1135 4135 1355 4209 intelleximus,
1388 4154 1423 4194 eo
