3266 4772
677 457 890 522 ..45-

336 614 352 668 ‘.
375 655 382 669 .
407 654 413 668 .
435 606 583 683 Puernm’,
606 611 656 685 ait,
680 613 833 689 ‘accipiam
855 635 923 673 nam
945 614 971 673 is
994 615 1112 694 quidem

334 713 371 770 In
395 711 482 789 culpa
503 732 563 771 non
587 718 648 774 est:
670 720 738 791 post
761 715 796 772 de
819 721 912 776 matre
933 716 1055 775 videro’.
1070 718 1096 796 ¹)

249 816 329 889 Ergo
352 813 455 873 licebit
477 814 504 873 ci
527 834 651 874 uxorem
675 817 711 874 ab
734 835 765 875 sc
789 817 954 877 dimittere:
984 839 1123 894 puerum,
1155 823 1206 900 qui
1237 843 1325 883 causa

250 922 295 975 est
317 916 419 976 matris
442 916 606 990 eiciendas,
638 937 756 978 servare
778 923 908 994 cogetur.
954 918 1053 983 Quid?
1095 925 1245 1002 Pamphili
1275 947 1323 987 res

250 1038 349 1078 noune
364 1018 396 1077 in
412 1037 447 1078 eo
463 1025 541 1079 statu
557 1025 634 1094 sunt,
657 1024 691 1080 ut
713 1021 881 1080 miseriores
904 1040 967 1081 esse
990 1043 1049 1083 nou
1073 1024 1208 1102 possint?
1244 1027 1323 1092 Quid

251 1121 356 1179 mirum
386 1141 473 1198 ergo,
504 1122 530 1180 si
552 1129 623 1182 tunc
652 1122 742 1200 plana
772 1124 808 1181 de
836 1142 867 1182 se
896 1143 1009 1203 suaque
1039 1126 1133 1187 salute
1163 1129 1322 1205 desperans

251 1223 392 1283 discedit?
436 1223 486 1282 Illi
509 1241 580 1284 vero
602 1225 779 1284 Bacchidem
803 1244 926 1285 evocare
949 1227 1142 1302 constituunt,
1165 1250 1323 1311 perquam

249 1346 297 1387 res
318 1327 378 1385 iam
400 1325 640 1386 intricatissimae
663 1327 915 1406 difficillimaeque
937 1329 1055 1388 tandem
1078 1333 1286 1407 expediuntur.

334 1429 394 1488 Hic
416 1433 540 1508 quaerat
561 1428 725 1508 quispiam:
749 1432 790 1488 At
810 1428 992 1505 Pamphilus,
1016 1435 1172 1511 postquam
1197 1435 1323 1510 dignita-

250 1538 310 1592 tem
334 1530 566 1610 pudicitiamque
589 1530 692 1589 uxoris
714 1549 781 1589 cum
802 1530 982 1590 liberalitate
1004 1536 1035 1592 et
1057 1535 1241 1596 continentia
1262 1542 1322 1596 tam

251 1635 301 1693 diu
323 1632 462 1705 servavit,
485 1638 519 1691 ut
540 1652 623 1692 snam
645 1631 738 1709 ipsius
760 1631 884 1691 salutem
906 1633 938 1691 iu
955 1633 1111 1693 discrimen
1127 1637 1249 1710 dederit,
1272 1659 1324 1698 cur

250 1755 310 1795 non
333 1737 451 1796 tandem
474 1734 530 1793 sibi
553 1734 738 1810 prospiciens
759 1734 888 1792 alienum
912 1755 1035 1811 puerum
1060 1756 1123 1796 esse
1145 1739 1322 1814 profitetur?

251 1840 373 1898 Adeone
395 1855 460 1897 sese
479 1836 564 1894 uxori
588 1835 751 1894 obnoxium
779 1838 916 1912 putabat,
946 1842 981 1897 nt
1009 1838 1097 1897 eham
1125 1839 1207 1898 illam
1235 1861 1324 1921 quam

249 1942 376 2018 putabat
401 1939 559 2002 maximam
588 1936 727 1996 iniuriam
758 1942 848 2018 atque
870 1940 1075 2014 gravissimum
1104 1941 1323 2003 incommodum

250 2044 314 2103 eius
336 2043 432 2119 gratia
451 2039 564 2100 ferret?

336 2149 377 2204 At
390 2146 463 2203 haec
478 2144 597 2224 quidem
614 2143 773 2203 difficultas
793 2143 935 2204 facillime
950 2145 1085 2220 expediri
1106 2147 1226 2222 poterit.
1270 2151 1325 2210 Est

250 2248 306 2307 hoo
329 2246 442 2306 scilicet
462 2247 568 2306 vitium
591 2246 708 2306 fabulae
732 2265 855 2318 novum,
879 2265 957 2307 nova
979 2247 1104 2307 actionis
1126 2248 1325 2312 inconstantia

251 2355 340 2428 atque
355 2347 527 2409 infirmitas:
550 2367 626 2427 quae
644 2351 753 2420 tamen,
775 2352 810 2407 ut
832 2349 867 2406 ad
890 2348 1000 2406 bonum
1023 2349 1113 2408 finem
1136 2352 1235 2411 omnia
1257 2373 1323 2428 per·

250 2451 404 2524 venirent,
427 2455 490 2510 erat
512 2449 692 2510 necessaria:
715 2469 782 2508 narn
806 2449 831 2509 si
854 2449 1027 2526 Pamphilus
1048 2470 1147 2510 rarum
1169 2453 1321 2535 iniquitati

252 2554 358 2614 cedens
380 2552 524 2629 promisso
549 2552 720 2628 Myrrhinae
739 2554 806 2612 dato
829 2573 889 2611 nou
912 2552 1052 2625 stetisset,
1075 2573 1149 2629 puer
1171 2561 1249 2617 asset
1271 2577 1323 2616 ex·

250 2656 378 2733 positus,
400 2674 525 2714 uxorem
547 2673 608 2713 uon
630 2653 812 2713 reduxisset:
835 2654 963 2733 denique
985 2655 1084 2714 omnia
1106 2657 1182 2716 male
1205 2661 1323 2720 evenis·

251 2764 326 2818 sent.
370 2759 488 2830 (tonna,
513 2757 647 2836 quamvis
668 2755 712 2816 ita
727 2773 905 2835 quemquam
928 2775 1015 2832 agere
1031 2757 1095 2817 vari
1118 2759 1157 2819 sit
1172 2761 1322 2836 dissimile,

250 2860 404 2937 permagni
432 2861 591 2931 intererat,
622 2862 657 2917 ut
678 2862 742 2917 tota
769 2878 817 2917 res
844 2859 877 2916 in
904 2858 961 2918 hoc
989 2878 1134 2919 summum
1166 2862 1324 2924 discrimen

250 2962 422 3038 venirent)
454 2981 523 3020 nam
545 2959 618 3020 alias
639 2966 729 3036 poeta
751 2961 927 3022 Bacchidem
956 2961 988 3019 in
1011 2979 1145 3022 scaenam
1174 2983 1322 3041 revocare,

251 3067 371 3126 anulum
392 3065 477 3124 illurn
500 3062 592 3124 oculis
614 3062 770 3122 mulierum
794 3064 927 3124 subicere
950 3083 1010 3122 non
1032 3065 1138 3141 potuit.
1160 3099 1203 3110 —

336 3169 436 3227 Pauca
458 3167 502 3226 eis
523 3184 599 3245 quae
623 3147 838 3242 disputavimus
861 3166 896 3223 de
918 3164 1018 3225 verbis
1047 3166 1159 3227 ‘Dicam
1187 3172 1322 3231 abortum

251 3271 324 3331 esse'
346 3271 500 3330 adicienda
520 3272 599 3329 sunt.

336 3373 468 3432 Primum
492 3372 517 3432 si
540 3370 607 3450 quis
629 3374 756 3442 censeat,
780 3388 856 3450 quae
878 3371 1075 3452 insequantur
1096 3357 1200 3433 verba*

337 3475 441 3550 ‘thuim
475 3474 554 3555 quod
575 3472 641 3535 veri
663 3471 804 3546 similest,
833 3492 879 3532 ex
901 3482 936 3533 te
958 3480 1060 3535 recte
1089 3493 1168 3533 eum
1196 3482 1322 3538 natum

1069 3572 1183 3653 putent'
1197 3576 1226 3654 Β)

250 3700 372 3760 poscere
389 3680 531 3742 eiusmodi
555 3679 741 3739 enuntiatum
765 3678 830 3738 ‘Dic
851 3679 875 3739 si
898 3679 997 3754 placet
1018 3697 1056 3737 ex
1078 3684 1109 3738 ts
1130 3697 1198 3738 eum
1220 3693 1323 3742 natum

251 3782 452 3846 esse’1-is
474 3783 561 3843 facile
591 3786 670 3842 recte
699 3779 824 3854 iudicet,
855 3786 934 3840 erret
955 3801 1044 3853 vero,
1075 3780 1099 3840 si
1123 3800 1158 3840 ca
1179 3784 1215 3841 de
1238 3805 1325 3845 causa

251 3906 452 3916 ——-—--

323 3960 332 4002 1
365 3958 381 4004 4
407 3957 424 4002 4
452 3957 533 4003 lis.

320 3954 347 4105 ²i
365 3989 444 4088 ilalds
456 3967 569 4098 squidem
586 4038 670 4097 miror,
687 4037 813 4084 Donatum
831 4037 938 4084 iudicare
956 4035 1060 4096 epitasin
1078 4038 1225 4098 molliorem,
1243 4039 1323 4090 lencm

251 4128 424 4188 catastrophen
442 4124 525 4189 (norff.
543 4125 559 4171 1.
572 4125 589 4173 l.
608 4138 632 4184 p.
648 4121 696 4186 li).

319 4210 489 4280 &hhw
