3266 4772
693 538 734 549 -
778 464 905 568 ss*-

346 660 442 719 Venio
470 660 507 718 ad
531 660 624 719 verba
645 655 698 717 illa
728 658 846 718 ‘Dicam
869 660 1005 718 abortum
1029 655 1111 718 csee’.
1155 657 1238 722 Quae
1261 662 1336 717 uta

257 763 396 823 Pielitnio
419 782 480 821 non
501 766 582 822 recte
604 762 760 820 emendata
781 779 845 821 esse
868 761 1081 821 Fleckeisenus
1102 759 1259 833 iudicavit,
1291 760 1334 820 ita

258 885 313 924 nos
335 866 414 945 quod
437 863 649 923 Fleckeisenus
672 862 768 923 voluit
790 863 877 939 plane
899 863 1020 939 probari
1042 883 1102 922 non
1124 881 1211 939 posse
1235 866 1335 921 osten·

259 968 362 1027 dimus.
407 971 546 1028 Attamen
569 965 622 1025 illo
647 965 716 1024 ‘Dio
732 960 844 1024 amabo'
867 965 944 1024 nihil
965 965 1091 1025 rectius:
1114 964 1185 1045 quia
1201 965 1274 1043 quin
1292 963 1336 1024 ita

258 1089 306 1129 res
334 1069 471 1129 instituta
499 1068 591 1128 fuerit
618 1072 652 1128 ut
674 1067 830 1146 Myrrhina
859 1067 972 1147 aliquid
1001 1067 1197 1144 aPamphilo
1227 1070 1335 1138 oraret,

258 1171 393 1231 dubitare
408 1191 469 1230 non
485 1171 565 1230 lioet.
610 1169 701 1229 (iuius
722 1170 765 1228 rei
782 1187 888 1229 causac
911 1174 1000 1250 atque
1024 1174 1198 1246 argumenta
1219 1168 1251 1226 in
1267 1187 1333 1244 pro-

257 1273 359 1350 patulo
390 1276 469 1332 sunt.
513 1272 646 1332 Primum
677 1271 756 1330 enim
787 1272 818 1331 id
849 1272 984 1352 sequitur
1016 1291 1055 1331 ex
1084 1272 1131 1332 hie
1161 1269 1335 1349 Myrrhinaa

260 1375 376 1437 verbis:

344 1477 398 1537 ‘Et
429 1475 474 1535 illi
508 1477 634 1536 miserae
669 1477 792 1552 indigns
827 1476 937 1538 factam
970 1477 1111 1537 iniuriam
1145 1481 1333 1537 contexe·

1075 1576 1156 1640 rls':
1178 1579 1258 1657 —¹)

261 1686 323 1741 tum
346 1679 520 1756 Pamphilus
542 1679 572 1740 id
594 1683 722 1740 testatur
743 1679 790 1740 hie
812 1682 926 1742 verbis:

345 1781 564 1842 ‘Pollicitus
586 1802 679 1855 eum,
702 1787 734 1844 et
754 1801 873 1858 servare
895 1784 928 1842 in
949 1803 985 1846 eo
1008 1787 1151 1844 certumst
1167 1785 1245 1863 quod
1269 1782 1331 1842 dixi

1077 1881 1188 1946 fidam’:
1211 1884 1294 1961 -')

259 1990 387 2068 denique
409 1987 567 2065 Myrrhina
584 2005 687 2047 secum
709 1987 772 2047 sola
794 1987 837 2049 sio
859 1989 1010 2069 queritur:

344 2089 451 2150 ‘Simul
479 2108 585 2150 vereor
613 2089 802 2166 Pamphilum
833 2110 872 2150 ne
901 2096 1011 2152 orata
1038 2096 1172 2152 nostra
1201 2094 1333 2170 nequeat

1078 2192 1189 2254 diutius

345 2295 456 2368 Celare,
479 2313 569 2374 quom
592 2293 666 2354 sciet
687 2294 817 2354 alienum
838 2314 963 2372 puerum
985 2293 1051 2355 tolli
1072 2312 1127 2370 pro
1150 2293 1262 2373 suo’.³)

260 2396 346 2461 Quod
369 2400 462 2456 restat
482 2401 690 2471 argumentum
712 2397 924 2458 Fleckeisenus
946 2396 1057 2457 attulit.
1101 2396 1220 2456 Etenim
1239 2397 1332 2475 quod·

260 2515 377 2578 nunqua
405 2501 469 2556 erat
496 2496 703 2556 affirmandum
725 2504 777 2559 aut
798 2500 1012 2576 profitendum,
1044 2497 1200 2575 Pamphilo
1222 2497 1254 2554 in
1277 2498 1333 2556 hac

259 2619 292 2659 re
315 2600 380 2660 eine
402 2599 492 2659 dubio
523 2599 615 2658 multo
645 2600 739 2659 maior
768 2607 832 2662 erat
854 2602 927 2660 fides
949 2607 1039 2681 atque
1062 2599 1221 2659 auctoritas
1244 2618 1331 2679 quam

260 2702 451 2780 Myrrhinae,
483 2719 559 2779 quae
588 2719 648 2760 non
678 2704 764 2762 modo
786 2703 907 2764 fecisset
928 2703 1082 2775 nimirum,
1115 2703 1192 2780 qnod
1216 2702 1247 2760 in
1269 2721 1331 2759 rem

227 2831 230 2838 ·
258 2803 364 2866 fnisset
392 2802 486 2875 filiae,
516 2803 566 2862 sed
595 2802 685 2863 etiam
711 2804 861 2882 decipiens
887 2805 1024 2865 maritum
1055 2809 1119 2864 erat
1141 2804 1331 2881 deprehensa.

344 2904 401 2963 Sed
420 2903 492 2984 quid
510 2904 630 2963 tandem
648 2909 683 2964 nt
698 2907 860 2969 affirmaret
879 2909 931 2969 ille
950 2907 1124 2986 Myrrhinae
1143 2910 1207 2966 crat
1225 2924 1331 2981 rogan-

260 3006 346 3066 dum?
377 3005 456 3070 Quid
472 3006 629 3082 Pamphilo
645 3014 709 3067 erat
723 3009 921 3084 indicandum,
946 3030 1004 3091 qno
1027 3014 1058 3068 et
1079 3029 1096 3068 a
1119 3027 1149 3068 se
1171 3009 1331 3068 incommo-

146 3149 150 3156 -
259 3109 328 3167 dnm
345 3109 503 3168 defendere
519 3111 549 3167 et
563 3107 702 3168 iniuriam
717 3110 912 3170 Philumenae
927 3111 1035 3172 factam
1052 3113 1189 3187 detegere
1211 3109 1330 3186 posset?

343 3211 379 3269 Id
401 3211 433 3268 ni
454 3208 543 3269 fallor
564 3212 757 3286 pronuntiare
780 3233 841 3272 non
856 3213 967 3286 debuit,
991 3233 1116 3290 puerum
1132 3231 1172 3271 ex
1186 3230 1217 3272 se
1234 3216 1330 3271 ortum

258 3331 331 3372 esse.
376 3310 451 3375 Quis
472 3312 552 3371 enim
575 3313 611 3372 de
633 3331 669 3373 ea
689 3333 721 3373 re
745 3312 919 3374 dubitabat?
962 3314 1076 3374 Laches
1099 3319 1256 3393 postquam
1279 3331 1330 3371 nc·

257 3418 357 3489 potem
385 3417 487 3472 natum
515 3415 659 3490 comperit
686 3414 830 3475 laetitiam
858 3435 929 3492 prae
958 3435 989 3474 se
1011 3417 1086 3476 fert:
1117 3433 1214 3496 neque
1242 3414 1330 3490 plane

258 3515 349 3574 alium
369 3515 551 3593 Phidippum
578 3535 642 3575 sese
664 3518 806 3592 praebere
828 3517 966 3579 vidimus.
1011 3519 1121 3578 Contra
1143 3517 1168 3576 si
1189 3515 1330 3592 Pamphi-

257 3602 320 3691 lue,
350 3637 415 3677 oum
437 3627 525 3677 nemo·
549 3619 584 3676 de
607 3619 692 3694 pueri
716 3619 831 3694 origine
860 3619 1025 3693 dubitaret,
1056 3640 1141 3679 suurn
1171 3637 1239 3677 eum
1266 3638 1330 3679 esse

257 3719 358 3779 sedulo
374 3719 584 3793 confirmasset,
608 3720 707 3780 nescio
730 3739 767 3780 an
790 3722 820 3780 id
837 3722 935 3798 ipsum
950 3723 1107 3796 effecisset,
1130 3722 1263 3801 quodne
1278 3722 1331 3781 fiat

257 3827 288 3881 et
299 3818 360 3880 'ille
376 3827 407 3880 et
421 3821 579 3898 Myrrhina
599 3823 744 3898 impedire
760 3828 917 3883 conantur:
941 3824 1139 3900 suspicionem
1163 3824 1242 3884 enim
1264 3825 1329 3902 ipse

256 3923 334 3999 patri
358 3943 519 4002 soceroque
541 3924 699 3984 iniecisset.

343 4023 456 4088 Quodsi
481 4026 551 4104 quid
574 4026 749 4101 Pamphilus
771 4028 904 4102 proferre
927 4029 1063 4089 debuerit
1085 4048 1261 4104 cognoscere
1277 4051 1328 4090 vo·

255 4127 361 4199 lumus,
384 4127 560 4201 videndum,
583 4127 614 4185 in
638 4148 697 4207 quo
721 4149 834 4188 summa
856 4131 948 4190 totius
970 4131 1013 4189 rei
1037 4131 1134 4208 posita
1155 4133 1202 4191 sit.
1246 4133 1329 4208 Myr-

255 4228 361 4287 rhinae
382 4230 474 4288 verba
495 4229 575 4287 enim
597 4230 740 4290 sitrecte
762 4233 855 4308 accipi
880 4251 1000 4292 censeo:

326 4360 495 4427 naam
652 4361 813 4428 amam
969 4363 1181 4433 marma
