3266 4772
545 409 861 474 ²-29-

291 564 428 650 fl‘Qaibus
449 565 502 624 iris
523 563 668 640 impulsus
690 582 769 624 nunc
790 565 823 622 in
845 564 926 622 illam
947 564 1068 644 iniquos
1091 564 1184 624 siem?

303 667 386 731 Quae
408 685 561 746 nunqnam
584 666 744 746 quicquam
766 685 836 741 erga
859 685 907 724 me
928 667 1136 738 commeritast,
1160 671 1253 743 pater,

303 768 389 833 Quod
411 769 531 838 nollem,
554 774 584 828 et
606 787 694 844 saepe
717 768 852 828 meritam
876 769 955 847 quod
977 768 1084 828 vellem
1108 769 1185 829 scio:

303 873 439 949 Amoque
462 875 492 930 et
514 869 602 928 laudo
626 875 656 929 et
677 877 831 930 vementer
854 870 1021 930 desideret¹

302 973 378 1032 Nam
401 973 492 1033 fnisse
515 990 585 1047 erga
608 991 654 1030 me
676 972 751 1031 miro
773 972 896 1048 ingenio
919 979 1060 1048 expertus
1083 969 1156 1032 sum'
1180 977 1271 1052 etc.¹)
1326 993 1329 1000 ·

218 1075 356 1149 Tandem,
380 1095 445 1134 oum
463 1074 562 1134 omnia
583 1076 660 1133 bene
682 1074 833 1147 eveniant,
856 1093 945 1153 quam
967 1075 1042 1134 felix
1063 1075 1218 1154 laetusque
1234 1076 1294 1136 est!

204 1163 205 1167 ¹
304 1177 455 1256 Denique,
486 1177 510 1236 si
534 1177 581 1236 cui
604 1180 703 1235 tamen
732 1173 928 1235 haecomnia
957 1195 1017 1236 non
1039 1191 1205 1253 repugnare
1228 1179 1294 1252 sibi,

220 1281 270 1340 sed
299 1279 400 1360 aliquo
430 1284 517 1354 pacto
545 1279 625 1338 inter
655 1297 687 1338 se
717 1279 885 1338 consentire
913 1279 1086 1352 videantur,
1115 1280 1238 1355 insuper
1262 1280 1294 1338 in

219 1380 367 1457 Pamphili
382 1381 483 1442 verbis
497 1399 533 1439 ea
553 1399 676 1439 rernm
691 1400 757 1439 eum
772 1380 889 1459 reliquo
906 1387 1080 1456 argumento
1097 1381 1296 1458 discrepantia

221 1483 397 1556 continetur,
421 1503 496 1563 quae
520 1483 640 1542 omnino
662 1483 734 1542 ferri
757 1503 816 1541 non
840 1483 943 1560 possit.

305 1585 423 1644 Etenim
445 1585 620 1662 Pamphilus
644 1605 709 1644 uon
733 1585 828 1644 solum
851 1604 940 1664 quam
971 1585 1036 1661 ipse
1067 1587 1143 1644 bene
1171 1587 1295 1646 meritus

220 1687 260 1746 eit
281 1687 317 1746 de
338 1706 431 1746 uxore
454 1688 555 1748 multis
572 1689 673 1748 verbis
696 1688 805 1747 diserte
828 1688 979 1764 praedicat
1002 1722 1042 1732 -
1066 1708 1131 1748 cum
1148 1694 1216 1748 ante
1232 1709 1296 1748 sese

220 1789 361 1848 acerrime
391 1768 589 1862 accusaverit,
625 1808 750 1869 eamque
773 1809 837 1849 sese
860 1790 971 1849 diutius
993 1791 1104 1850 habere
1126 1811 1187 1850 non
1210 1811 1296 1868 posse

221 1891 328 1949 misero
351 1891 438 1949 modo
461 1897 492 1951 et
508 1896 630 1970 questus
652 1891 692 1951 sit
714 1897 744 1950 et
765 1911 838 1950 mox
852 1897 992 1971 queratur
1006 1915 1065 1951 -z
1087 1911 1185 1972 neque
1201 1893 1296 1953 solum

221 2011 345 2051 uxorem
374 1993 406 2051 in
429 2012 493 2053 sese
515 1993 649 2073 iniquam
672 2011 736 2053 esse
759 1995 926 2067 contendit,
960 2013 1048 2074 quam
1070 1995 1170 2070 ipsum
1191 2003 1297 2068 amare,¹

221 2099 285 2154 tum
299 2113 371 2154 vero
394 2114 410 2154 e
433 2097 591 2172 puerperio
615 2097 743 2155 maxime
766 2095 865 2155 dolere
888 2096 979 2156 sciat:
1001 2116 1105 2157 verum
1121 2098 1210 2157 etiam
1226 2098 1298 2158 satis

220 2196 390 2272 petulanter
411 2203 517 2258 testem
540 2197 612 2258 citat
634 2217 759 2258 uxorem
781 2217 861 2272 eam,
894 2199 925 2256 in
955 2218 1045 2278 quam
1075 2218 1140 2258 sese
1169 2201 1297 2275 superbe
1383 2221 1386 2228 ·

220 2299 404 2359 consuluisse
427 2301 516 2376 paulo
540 2305 609 2360 ante
632 2300 785 2360 confessus
807 2301 856 2360 sit.

309 2399 391 2464 Quae
414 2423 480 2462 enm
502 2404 545 2463 ita
567 2405 636 2478 sint,
659 2422 757 2483 neque
780 2403 953 2478 inhaere,
976 2422 1065 2484 qnam
1089 2404 1175 2463 modo
1198 2403 1299 2479 tetigi·

225 2522 302 2576 mus,
333 2523 431 2584 neque
458 2506 490 2564 in
513 2506 556 2566 eis
580 2526 653 2586 quas
683 2525 773 2583 supra
801 2505 998 2581 explicuimus
1026 2505 1107 2566 dubii
1136 2504 1299 2584 quidquam

226 2609 280 2665 est.
323 2607 400 2666 Miro
423 2609 510 2667 modo
532 2609 624 2684 igitur
646 2614 734 2685 poeta
757 2608 814 2668 sibi
836 2608 894 2683 ipsi
917 2608 1108 2668 contradicit:
1130 2628 1184 2668 nec
1199 2614 1303 2668 tamen

225 2706 268 2766 ita
289 2711 481 2784 contradicit,
513 2717 547 2771 ut
568 2711 639 2771 novi
662 2711 775 2790 aliquid
797 2711 830 2769 in
851 2711 982 2769 fabulam
1004 2711 1163 2784 inferatur,
1193 2711 1244 2770 sed
1266 2717 1300 2770 ut

225 2808 420 2880 immutentur
450 2818 541 2893 atque
569 2819 780 2890 pervertantur
809 2812 1012 2888 satagentium
1035 2831 1179 2888 personae
1201 2824 1231 2873 et
1252 2831 1300 2872 res

226 2911 317 2988 ipsae.
1045 2915 1046 2918 ’

312 3015 371 3076 Sed
391 3017 594 3097 relinquamus
623 3019 696 3078 haec
719 3037 795 3098 quae
817 3019 970 3098 aliquanto
992 3017 1107 3079 leviora
1127 3018 1301 3079 videantur:

226 3135 318 3176 unum
341 3118 548 3179 difficillimum
577 3126 667 3203 atque
695 3121 902 3197 gravissimum
928 3125 1077 3197 superest,
1107 3121 1145 3178 de
1167 3141 1226 3200 quo
1248 3141 1301 3180 ex-

226 3219 365 3296 plicatius
386 3223 483 3282 dicere
506 3243 625 3285 necesse
648 3225 696 3285 sit.

313 3323 423 3400 Agitur
437 3327 516 3386 enim
534 3328 570 3386 de
584 3329 720 3389 versibus
741 3326 802 3386 illis
822 3326 855 3385 in
877 3326 986 3405 quibus
1005 3326 1161 3404 Myrrhina
1182 3327 1301 3385 aPam-

227 3423 310 3502 philo
333 3445 443 3502 genero
465 3430 556 3505 petit,
578 3435 612 3490 ut
634 3428 843 3491 contumeliam
866 3428 1060 3488 Philumenae
1080 3427 1188 3487 factam
1211 3428 1301 3488 celet:

315 3529 480 3590 ‘Parturire
502 3550 567 3591 eam
589 3551 643 3592 nec
666 3531 817 3608 gravidam
841 3550 905 3591 esse
928 3549 966 3589 ex
987 3534 1026 3604 te,
1049 3529 1130 3590 solus
1145 3529 1325 3616 eonsciu's:¹

313 3631 389 3690 Nam
411 3633 497 3694 aiunt
517 3640 615 3694 tecum
638 3639 706 3711 post
721 3636 835 3694 duobus
850 3632 1047 3693 concubuisse
1063 3651 1127 3692 eam
1141 3632 1302 3692 mensibus.

314 3732 397 3810 llum,
419 3743 577 3817 postquam
593 3739 629 3796 ad
644 3743 675 3798 te
689 3738 781 3810 venit,
804 3737 915 3796 mensis
936 3735 1035 3812 agitur
1056 3735 1106 3794 hic
1127 3735 1186 3793 iam
1201 3740 1269 3810 sept
1291 3767 1303 3780 ·

1047 3857 1127 3897 mus:

316 3939 403 4004 Quod
424 3947 454 4002 te
476 3943 558 4017 seire,
581 3944 647 4020 ipsa
668 3943 781 4002 indicat
801 3962 856 4002 res.
885 3960 965 4000 nunc
986 3941 1011 4002 si
1033 3941 1114 4017 potis
1136 3943 1195 4012 est,
1217 3941 1303 3998 Pam-

1048 4044 1139 4120 phile,

301 4183 326 4244 ι)
342 4181 387 4243 ιιι,
407 4184 431 4242 r,
450 4181 558 4232 ec-eo.
