3266 4772
751 389 967 454 ..344

319 547 401 606 lesen
425 546 546 619 konnte,
570 525 622 606 der
644 545 723 604 donn
745 545 794 603 die
817 527 1039 620 Vermendlung
1061 545 1112 602 des
1135 561 1181 602 ex
1202 545 1239 602 te
1260 541 1294 599 in
1317 559 1398 599 esse

324 668 377 707 zur
399 647 632 723 nothwcndigen
654 646 748 721 Folge
769 647 883 706 hette.“

406 753 507 828 Atque
536 749 589 809 illo
620 750 689 812 ‘Dio
718 745 830 808 emebo’
860 749 979 828 quidem
1008 750 1073 808 sine
1105 749 1194 807 dubio
1216 748 1264 807 vir
1295 749 1398 807 doctus

320 853 447 928 primam
468 870 572 910 versus
600 858 715 927 portem
744 851 780 910 ed
807 851 1010 926 integritatem
1039 851 1208 910 revocavit:
1240 869 1308 908 nem
1338 868 1397 906 non

320 955 416 1014 solum
439 973 477 1012 ex
500 953 615 1026 ceteris,
637 972 656 1012 e
677 953 834 1030 Pamphilo
858 953 971 1032 aliquid
994 953 1065 1029 peti,
1090 953 1256 1012 necessario
1280 952 1398 1011 conclu-

320 1057 401 1117 ditur
414 1056 451 1134 1),
474 1074 579 1115 verum
595 1056 693 1129 etiem,
716 1056 742 1116 si
758 1055 890 1132 singulos
912 1055 1028 1116 litteras
1043 1055 1226 1131 respicimus,
1248 1055 1303 1114 vix
1319 1055 1398 1133 quod

323 1157 489 1234 simplicius
511 1158 551 1218 sit
572 1162 672 1234 potest
692 1158 835 1218 inveniri.
1141 1145 1142 1148 ¹

398 1260 520 1328 ‚Tamen
543 1265 643 1320 cetere
665 1261 764 1321 nescio
787 1278 825 1318 en
848 1279 943 1340 seque
965 1261 1085 1337 probori
1107 1264 1268 1340 nequeant.

407 1362 539 1421 Primum
556 1363 676 1442 quidem
697 1363 755 1421 iem
779 1367 849 1422 ente
863 1361 1014 1422 Donatum
1037 1365 1073 1422 ab
1093 1361 1309 1441 antiquissimis
1324 1365 1398 1420 tem·

321 1465 444 1542 poribus
466 1464 582 1526 codices
604 1467 641 1524 ed
664 1485 755 1524 unum
779 1484 881 1524 omnes
903 1465 1072 1528 consentire
1093 1465 1126 1523 in
1148 1484 1208 1523 uno
1224 1463 1397 1537 gravissimo

321 1565 413 1638 vitio,
445 1571 560 1626 textum
582 1571 717 1628 nostrum
740 1567 949 1627 Terentianum
973 1571 1178 1642 comparentes
1200 1585 1266 1624 cum
1288 1565 1397 1624 Donati

323 1668 536 1728 commentario
558 1675 611 1729 eut
632 1689 754 1748 perraro
777 1675 829 1729 eut
844 1688 997 1749 nunquam
1013 1669 1077 1728 fieri
1093 1669 1235 1728 videmus.
1280 1667 1310 1725 Si
1325 1685 1397 1726 vero

322 1769 446 1842 codices,
470 1773 549 1849 qnod
572 1771 645 1832 mihi
668 1751 788 1851 quidem
811 1771 875 1831 veri
893 1770 1035 1830 dissimile
1051 1771 1178 1842 videtur,
1201 1789 1302 1829 omncs
1323 1768 1397 1828 illud

321 1872 429 1931 vitium
452 1873 667 1948 praebuissent,
690 1874 745 1934 vix
768 1873 880 1946 dubito,
904 1873 976 1952 quin
992 1872 1127 1931 Donatus
1147 1871 1212 1932 veri
1234 1872 1399 1931 invenisset

321 1974 491 2049 vestigium.
535 1975 612 2034 Nem
627 1975 822 2034 ABORTVM
838 1993 878 2033 ex
893 1974 1114 2033 ABOORTVM
1138 1974 1210 2033 setis
1225 1973 1312 2033 facile
1328 1973 1398 2032 oriri

321 2077 454 2150 potuisse
485 2077 689 2136 concedimus:
720 2075 847 2137 utillud
871 2075 978 2134 EXTE
1009 2080 1124 2135 tentum
1154 2078 1238 2135 abest
1256 2082 1291 2136 ut
1311 2075 1398 2134 focile

321 2177 472 2238 immutari
495 2179 629 2255 potuerit
649 2163 681 2238 in
697 2179 801 2251 ESSE,
822 2186 856 2239 ut
871 2184 975 2238 contro
997 2184 1027 2238 et
1049 2179 1241 2237 admondum
1266 2177 1398 2253 superio-

321 2279 404 2340 ribus
424 2280 526 2340 verbis
555 2281 689 2340 insidens
717 2281 832 2340 animos
862 2280 946 2360 qussi
969 2279 1157 2356 perduxerit,
1189 2285 1220 2340 et
1240 2281 1314 2339 recti
1337 2298 1398 2339 cer-

322 2381 470 2441 tissimum
491 2381 585 2443 fuerit
605 2384 776 2459 vestigium.

407 2483 504 2544 Venio
527 2487 565 2544 ed
587 2484 777 2547 difficultates
798 2503 874 2565 quoe
896 2485 1011 2562 positae
1033 2485 1146 2545 sintin
1168 2485 1234 2560 ipss
1255 2504 1297 2544 re.

407 2587 539 2647 Primum
562 2588 595 2646 in
617 2588 674 2647 hoo
690 2588 817 2660 offendo,
841 2589 930 2667 quod,
952 2587 976 2647 si
998 2589 1041 2647 its
1058 2593 1093 2645 ut
1106 2586 1319 2647 Fleckeisenus
1332 2588 1399 2648 vult

321 2688 457 2765 legimus,
479 2691 559 2750 idern
580 2691 635 2752 rix
656 2691 811 2751 tolerando
834 2693 921 2751 modo
942 2694 989 2751 ter
1009 2690 1171 2766 repetitur:

451 2791 508 2852 Dio
530 2793 633 2852 emebo
655 2812 780 2869 puerum
803 2812 843 2852 ex
864 2797 895 2853 te
917 2799 1015 2854 ortum
1038 2812 1118 2852 esse:

451 2895 512 2955 scio
534 2895 565 2954 id
588 2895 700 2955 nemini
723 2898 892 2972 suspectum
911 2896 1061 2955 futurum:
1172 2947 1175 2952 .

449 2999 540 3057 immo
564 3018 603 3057 ex
624 3004 655 3060 te
684 3003 764 3059 reete
786 3018 852 3058 eum
875 3003 979 3058 netum
1001 3018 1065 3058 esse
1089 3000 1253 3074 putabunt:

450 3103 482 3161 id
504 3104 585 3183 quod
607 3103 695 3162 etism
717 3101 782 3163 veri
805 3101 901 3161 simile
924 3107 978 3162 est.

408 3205 534 3266 Accedit
554 3205 680 3266 alterum
702 3204 854 3264 cuiusvis
875 3207 966 3284 etque
988 3204 1147 3263 auctoritas
1169 3204 1259 3264 letius
1288 3210 1398 3282 petent.

408 3307 566 3386 Myrrhine
586 3307 666 3368 enim
689 3313 845 3387 postquem
868 3306 942 3367 illud
965 3307 1155 3382 sPemphilo
1178 3307 1295 3383 petivit,
1318 3309 1398 3366 hunc

223 3402 227 3412 ’
323 3413 412 3472 finem
434 3413 507 3474 fecit
529 3413 688 3473 cretionis:

410 3515 566 3576 ‘Continuo
594 3519 777 3592 exponetur:
807 3514 857 3573 hio
883 3514 939 3574 tibi
968 3514 1011 3573 nil
1033 3491 1079 3572 est
1100 3513 1259 3592 quicquam
1286 3511 1399 3572 incom-

1062 3677 1066 3683 ,
1141 3614 1230 3686 modi,

409 3722 449 3782 Et
467 3720 513 3780 illi
535 3720 660 3780 miserae
682 3719 805 3796 indigne
827 3720 935 3779 sectam
957 3717 1097 3778 iniuriem
1120 3713 1308 3778 contereris!

323 3825 412 3884 Nune
432 3843 515 3884 vero·
533 3823 559 3883 si
581 3822 739 3902 Myrrhine
761 3822 949 3900 Pamphilum
979 3840 1013 3881 eo
1036 3820 1209 3893 induxerat,
1241 3823 1276 3878 nt
1296 3819 1361 3896 ipse
1383 3837 1400 3877 e

275 3938 277 3948 '
324 3945 356 3988 se
378 3932 480 3986 netum
503 3945 568 3986 esse
590 3945 716 4004 puerum
738 3925 944 4002 profiteretur,
975 3944 1046 3983 num
1069 3929 1134 3983 eret
1163 3922 1224 3982 ulls
1246 3940 1314 3997 spes
1333 3922 1399 3979 fore

323 4033 358 4089 ut
379 4047 454 4107 puer
477 4026 698 4104 exponeretur?
742 4029 817 4085 Nem
840 4027 984 4086 rationem
1010 4045 1061 4085 cur
1081 4027 1112 4084 id
1135 4025 1221 4085 fieret
1236 4041 1324 4103 quem
1346 4042 1399 4098 po·

207 4147 212 4156 ·
323 4135 446 4190 tuoruut
474 4127 601 4200 efferre?
645 4133 693 4186 An
722 4130 883 4204 putebant,
910 4147 1002 4188 senes
1032 4127 1063 4186 id
1093 4145 1283 4188 concessuros
1314 4123 1399 4185 esse?

324 4229 528 4242 ,,.......-.---

395 4266 565 4334 stupu
