3266 4772
694 485 907 552 „39-

259 647 339 702 easet
360 651 411 704 aut
432 661 506 718 puer
528 647 598 701 anta
619 647 737 716 tempus
759 645 847 701 natus
868 645 921 700 aut
934 641 1020 716 virgo
1043 647 1112 700 ante
1135 637 1257 715 nuptias
1271 656 1338 712 gra·

259 745 330 806 vida
357 745 452 806 faeta:
483 749 519 804 ut
539 748 591 804 aut
612 744 713 802 mirari
742 749 795 803 ant
823 743 966 819 suspioari
987 753 1047 802 ¹eos
1073 740 1188 821 aliquid
1217 760 1338 821 quoquo

259 851 346 923 paeto
368 847 567 906 neeessariam
589 846 704 905 fuisset.
750 844 949 908 Quamobrem
971 845 1085 918 iudioo,
1115 843 1259 920 primum,
1289 861 1337 900 res

259 948 303 1008 ita
316 948 408 1014 fuisse
424 954 617 1024 oompuratas,
641 952 674 1007 ut
689 964 775 1006 senes
797 953 915 1023 partum
937 954 1052 1007 reatum
1073 950 1165 1026 atque
1188 950 1337 1005 maturum
1387 951 1390 956 ’

258 1056 381 1127 possent
401 1057 515 1127 putare,
538 1056 610 1122 tum,
633 1069 752 1110 versum
773 1048 859 1108 illum

346 1153 434 1212 ‘Tum
457 1159 615 1233 postquam
643 1153 679 1210 ad
702 1157 732 1212 to
753 1150 840 1212 venit
862 1151 972 1210 mensis
1000 1151 1099 1226 agitur
1119 1150 1171 1210 hia
1190 1149 1250 1208 iam
1272 1169 1339 1225 sep·

1077 1248 1187 1312 tumus'

259 1375 318 1414 non
348 1356 515 1431 signifioare
543 1357 641 1429 illud,'
664 1357 745 1437 quod
772 1355 940 1432 significare
962 1355 1079 1415 dieitur.
1123 1354 1242 1414 Testem
1262 1371 1336 1414 vero

261 1457 338 1517 faaio
359 1458 454 1534 ipsius
476 1464 584 1534 poetae
605 1479 724 1520 versum
747 1460 843 1519 huno:

345 1563 362 1620 ‘.
378 1603 386 1620 .
402 1605 410 1618 .
425 1559 600 1636 praesertim
616 1579 706 1638 quom
728 1564 759 1619 ot
779 1564 859 1618 reate
881 1570 912 1618 et
933 1566 1068 1634 tempore
1090 1578 1144 1618 suo
1165 1553 1335 1634 pepererit'.

345 1660 441 1724 Quem
462 1681 517 1719 nos
538 1661 588 1720 hio
610 1661 718 1721 iterum
740 1662 847 1720 afferre
870 1679 909 1718 ne
931 1660 1055 1719 mirere:
1079 1677 1148 1718 narn
1163 1680 1229 1720 oum
1245 1680 1336 1737 supra

258 1762 441 1838 Phidippum
462 1762 540 1821 nihil
561 1762 703 1840 suspioari
727 1783 762 1822 eo
785 1762 1091 1840 comprobaverimus,
1121 1761 1171 1822 hio
1192 1763 1233 1822 in
1253 1762 1336 1839 ipsa

257 1884 297 1924 re
322 1884 386 1940 per
408 1884 447 1924 se
468 1870 645 1942 reputata
667 1864 744 1924 nihil
766 1883 831 1924 essa
853 1865 1048 1940 suspioiosum
1070 1864 1267 1945 autudubium
1290 1883 1330 1923 ex

257 1986 292 2026 eo
315 1966 508 2043 intellegitur.

345 2070 450 2130 Altera
471 2070 558 2130 testis
580 2069 685 2131 existit
706 2070 839 2145 Baoohis,
862 2089 939 2150 quae
962 2070 998 2128 de
1012 2049 1119 2130 vitiata
1133 2063 1250 2145 rirgine
1269 2089 1336 2129 nar·

257 2190 322 2231 rare
345 2171 389 2231 aio
409 2172 533 2247 inoipit:

345 2275 435 2333 ‘Nam
466 2275 587 2334 memini
620 2274 759 2334 abhino
788 2274 929 2334 mensis
959 2275 1084 2334 (leuem
1111 2273 1193 2332 fere
1219 2274 1256 2332 ad
1288 2292 1336 2332 me

1078 2378 1166 2456 upote
1188 2374 1286 2451 prima

344 2478 511 2553 Confugere
533 2479 723 2539 anhelantem
745 2473 874 2538 domum'
889 2476 917 2554 ¹)
940 2483 996 2538 eto.

258 2581 307 2638 Ex
328 2600 402 2660 quo,
435 2581 576 2661 quoniam
604 2601 712 2657 novem
740 2582 803 2642 fere
833 2580 979 2640 mensium
1001 2565 1220 2638 matrimonium
1243 2577 1334 2638 brisso

260 2687 391 2756 aonstat,
421 2684 510 2744 etiam
533 2685 590 2744 hoo
613 2683 814 2763 assequimur,
847 2681 985 2759 nupsisse
1005 2680 1154 2756 virginem
1175 2681 1333 2757 Pamphilo

257 2784 346 2860 paulo
368 2791 525 2866 postquam
547 2785 653 2846 vitiata
674 2786 722 2846 sit.
735 2785 765 2863 ²)

344 2885 423 2950 Quid
446 2905 515 2963 ergo
537 2887 679 2949 faciemus
701 2887 753 2947 illo
775 2905 864 2948 versu
1289 2943 1292 2951 .

346 2989 438 3064 ‘Tum
460 2996 619 3070 postquam
637 2991 677 3049 ad
700 2996 730 3051 te
745 2991 838 3063 venit,
861 2989 971 3050 mensis
993 2987 1092 3064 agitur
1113 2987 1163 3048 hio
1183 2988 1243 3048 iem
1265 3007 1332 3065 sop-

1074 3085 1202 3151 tumus'?

258 3195 336 3254 Num
368 3215 433 3255 oum
455 3195 594 3255 Fielitnio
616 3215 683 3254 eum
706 3192 889 3254 delebimus?
931 3193 1056 3252 Minime
1077 3212 1159 3253 vero.
1202 3196 1252 3252 An
1274 3194 1331 3267 sibi

258 3299 473 3358 contradicere
495 3304 614 3375 poetam
636 3297 771 3375 profiteri
793 3308 839 3356 sat
859 3295 1052 3356 habebimus?
1095 3295 1192 3355 Immo
1207 3296 1264 3356 hoo
1279 3315 1330 3354 ex-

257 3399 421 3476 periamur,
453 3400 479 3460 si
501 3406 600 3461 tamen
623 3401 723 3480 aliquo
746 3410 833 3477 paeto
856 3399 946 3460 huius
966 3417 1071 3461 versus
1093 3398 1330 3460 sententiarum

258 3503 364 3563 ueteris
392 3505 488 3581 possit
510 3502 677 3563 oonailiari.¹
716 3503 755 3563 Et
775 3521 862 3576 vero,
894 3503 967 3562 adeo
991 3522 1053 3562 non
1075 3522 1140 3562 oum
1163 3501 1222 3575 eis,
1254 3521 1330 3582 quae

256 3611 411 3681 praeterea
432 3612 560 3680 exstant,
584 3607 741 3683 disorepat,
764 3611 798 3666 ut
820 3610 924 3666 eontra
945 3605 1075 3665 affirmet
1096 3622 1132 3662 ee
1146 3609 1236 3683 atque
1252 3624 1331 3664 oom-

256 3708 379 3783 probet,
402 3742 444 3752 —
467 3711 553 3769 modo
576 3715 656 3769 reote
684 3708 885 3783 intellegatur.
930 3709 1006 3767 Nam
1029 3707 1101 3787 quid
1123 3711 1184 3766 tam
1206 3726 1330 3767 aonsen·

256 3815 376 3868 teneum
405 3816 465 3883 est,
496 3831 585 3892 quam
606 3818 641 3871 ut
663 3812 707 3870 ‘ad
729 3816 760 3870 te
782 3805 873 3870 vonit’
903 3810 952 3870 hio
973 3809 1181 3885 intellegamus
1203 3810 1240 3868 de
1261 3829 1330 3870 oon·

257 3910 359 3969 aubitu
380 3911 575 3972 Philumenae
597 3933 664 3973 oum
679 3911 856 3988 Pamphilo?
900 3912 1016 3974 Novem
1039 3911 1118 3971 enim
1140 3931 1256 3974 menses
1279 3931 1330 3973 eos
1439 3905 1444 3913 ’

326 4070 338 4114 1
369 4067 384 4113 o
413 4067 429 4114 3
456 4068 538 4115 tls.

325 4061 351 4216 ²i
369 4099 482 4200 Elauiam
498 4079 603 4198 Flelimii
621 4164 675 4198 esse
692 4149 833 4210 opinionem
858 4165 933 4210 supra
950 4149 1073 4198 vidimus:
1100 4163 1173 4210 quam
1191 4151 1249 4210 quia
1267 4151 1330 4200 salsa

256 4233 298 4284 via
314 4243 388 4297 atque
406 4237 501 4286 ratione
519 4241 573 4286 arat
590 4240 717 4285 mssoutua
734 4237 805 4284 nihili
823 4236 1016 4285 aestimavimus.
