3266 4772
718 451 930 517 ..40-

288 610 462 670 coniunctos
489 609 581 668 fuisse
610 607 757 668 vidimus:
787 626 841 684 per
868 609 942 668 duos
971 628 1087 670 menses
1108 609 1296 685 Pamphilum
1326 629 1362 670 ea

287 710 465 771 abstinuisse
480 710 636 788 Myrrhina
659 711 757 770 docet:
783 712 953 784 abeodem,
975 715 1086 771 restare
1109 731 1224 772 menses
1245 718 1361 789 septem

289 817 446 891 postquam
462 812 642 871 Philumena
663 813 700 870 ad
716 831 783 870 eum
801 813 919 874 venerit
940 814 997 873 hoc
1011 832 1100 873 versu
1116 813 1264 874 discimus.
1308 817 1362 873 At-

290 932 347 994 que
369 920 404 973 ut
425 915 500 973 orei
524 919 630 974 natura
651 916 709 974 hoc
733 914 842 988 evenit,
865 915 907 975 ita
921 915 971 975 vol
986 915 1115 974 maxime
1131 915 1281 993 conspirat
1296 936 1362 976 cum

290 1017 419 1076 Graecae
440 1017 558 1090 linguae
578 1036 642 1089 usu,
667 1035 705 1076 ex
721 1035 779 1096 qua
801 1021 891 1093 poeta
912 1016 1026 1077 seilicet
1048 1018 1177 1077 fabulam
1200 1017 1364 1078 transtulit.

291 1119 363 1178 Erat
384 1119 463 1176 enim
486 1119 565 1194 apud
588 1119 714 1178 Graecos
735 1119 893 1191 usitatum,
914 1119 1046 1179 indicere
1068 1125 1172 1199 atque,
1202 1126 1236 1180 ut
1256 1120 1300 1179 ita
1321 1119 1363 1177 di·

292 1240 370 1294 cam,
393 1221 493 1281 velare
515 1221 750 1281 concubitus
779 1221 931 1280 notionem
954 1253 996 1264 —
1018 1226 1049 1281 et
1070 1222 1168 1281 mariti
1190 1219 1365 1281 concubitus

292 1343 358 1383 cum
379 1341 474 1382 uxore
496 1329 526 1383 et
547 1323 650 1383 uxoris
673 1343 737 1383 cum
762 1323 867 1383 marito
890 1356 932 1367 —
954 1324 1010 1383 hac
1031 1329 1111 1384 casta
1132 1323 1366 1400 significatione:

293 1420 431 1502 ἔρχεσθαι
454 1417 537 1502 παρό
559 1445 633 1484 τινα.

377 1526 454 1588 Sunt
479 1527 675 1605 inpromptu
697 1527 834 1604 exempla
862 1527 990 1604 primum
1014 1546 1053 1587 ex
1074 1527 1222 1590 Herodoti
1243 1525 1368 1586 historia

292 1630 434 1706 repetita:
456 1629 600 1703 11,1.15.:

379 1723 554 1808 aequivoci
577 1731 709 1791 σεωυτοῦ
731 1729 827 1802 ξείνου
850 1723 917 1807 τήν
939 1733 1104 1810 γυναῖκα
1125 1717 1253 1807 ἦλθεςε
1276 1763 1318 1775 -

297 1839 327 1895 et
348 1833 401 1908 VI,
426 1839 491 1893 68.:
947 1881 950 1886 Δ
988 1877 990 1882 .

381 1931 566 2012 Λευτυχίδης
588 1928 641 2010 μὲν
663 1927 718 2012 peip
747 1930 806 2011 ἔφη
829 1931 860 1994 ἓν
883 1937 958 1994 τοῖσι
980 1934 1087 1994 νείκεσι
1107 1931 1199 2013 λέγων
1220 1925 1370 1993 κυέουσάν

295 2054 333 2097 σε
355 2034 387 2097 ἐκ
405 2039 458 2096 τοῦ
480 2031 627 2115 προτέρου
650 2029 763 2114 ἀνδρός
780 2029 858 2096 οὕτω
882 2034 1013 2096 ἐλθεῖν
1035 2030 1133 2115 παρὰ
1153 2029 1368 2114 Ἀρλστοννα,

296 2138 328 2200 ολ
355 2134 387 2199 δὲ
414 2135 465 2198 καλ
493 2131 544 2198 τόν
573 2131 766 2216 ματαιότερον
796 2133 884 2219 λόγον
912 2135 1042 2218 λέγοντες
1072 2137 1147 2214 φασλ
1175 2155 1211 2197 σε
1240 2135 1371 2198 ἐλθεῖν

296 2235 395 2320 παραὶ
418 2243 476 2302 τῶν
498 2237 636 2301 οἰκετέων
657 2234 722 2301 τόν
744 2232 980 2320 ὀνοφορβόν,
1011 2239 1064 2301 καλ
1086 2236 1136 2318 ἐμὲ
1158 2231 1234 2300 εἶναι
1256 2236 1370 2300 ἐκείνου

296 2344 399 2406 παῖδα.

382 2444 422 2510 nt
444 2467 623 2529 quamquam
652 2449 775 2510 eandem
803 2447 1051 2523 significationem
1079 2445 1225 2523 exemplis
1247 2446 1372 2507 comico-

298 2573 361 2612 rum
387 2535 565 2610 Graooorum
587 2551 779 2626 comprobare
808 2550 880 2607 mihi
909 2569 969 2608 non
993 2550 1131 2626 contigit,
1162 2555 1262 2610 tamen
1284 2567 1301 2607 e
1323 2568 1374 2609 ve·

299 2664 363 2715 tere
385 2654 537 2714 comoedia
558 2657 686 2726 exstant,
710 2671 786 2731 quae
809 2651 917 2711 similia
939 2651 1006 2725 sint,
1029 2671 1067 2710 ne
1090 2652 1183 2712 dicam
1208 2669 1284 2730 quae
1307 2669 1373 2726 pro·

299 2759 380 2817 xime
402 2757 502 2816 absint
523 2756 561 2814 ab
583 2757 640 2814 hae
661 2754 844 2816 elocutione:

342 2858 518 2936 Eupolid.
540 2858 611 2932 frg.
632 2857 704 2916 ine.
730 2862 802 2915 344
825 2857 982 2934 (Kock.):

387 2951 487 3037 παραὶ
509 2954 640 3043 τρόειλὶ
663 2951 705 3018 σύ
726 2959 762 3042 τῇ
786 2951 894 3035 cedride
916 2950 1150 3036 κατηγόρους

343 3061 542 3138 Aristoph.
565 3061 664 3121 Plut.
690 3065 791 3121 1045
808 3081 851 3141 sq.

321 3223 329 3237 ,
389 3160 501 3244 xpia-
525 3159 604 3223 ἔοικε
626 3157 676 3222 διό
699 3164 809 3223 πολλοῦ
830 3155 940 3240 χρόνου
963 3154 988 3221 ό
1009 3157 1175 3240 ἑορακέναι.

390 3268 503 3348 Γραῦς·
526 3264 616 3326 πολου
633 3259 754 3344 χρόνον,
776 3257 937 3325 ταλάνταθ’
952 3258 970 3324 ό
977 3286 991 3335 ς
1013 3257 1095 3343 παρ’
1117 3259 1201 3340 ἐμοὶ
1223 3258 1295 3341 χθὲς
1314 3251 1374 3341 rim

346 3371 544 3448 Aristoph.
566 3369 708 3430 Eccles.
731 3375 805 3428 693
822 3389 887 3449 sqq.

508 3469 540 3531 αἶ
560 3466 592 3531 di
607 3473 751 3550 γυναῖκες
771 3465 851 3531 acroi
870 3463 923 3541 τός
945 3463 1067 3540 διόδους

508 3573 749 3653 προσπίπτουσαι
770 3575 834 3643 τοῖς
855 3564 916 3632 αἰπό
939 3571 1062 3632 όελπνου

459 3727 460 3732 ,
508 3671 579 3738 τάδε
599 3672 745 3748 λέξουσιν·
771 3674 887 3753 deripe
909 3668 990 3755 παρ’
1011 3666 1118 3751 ἡμᾶς.

389 3781 456 3842 Ηοο
478 3801 547 3857 ergo
570 3781 665 3839 habeo
687 3797 874 3856 persuasum,
897 3783 1030 3854 poetam,
1055 3778 1147 3854 magis
1170 3777 1298 3837 Graecae
1321 3778 1376 3836 lin-

305 3905 379 3961 guae
403 3902 491 3964 quam
514 3883 638 3943 Latinae
659 3882 725 3940 usui
748 3881 960 3954 consulentem,
983 3881 1056 3941 illud
1076 3882 1155 3960 quod
1177 3881 1303 3940 fortasse
1325 3900 1377 3956 po·

306 3989 395 4048 situm
418 3991 481 4045 erat
503 3987 539 4044 ab
564 3985 764 4061 Apollodoro:

502 4079 624 4145 Ἔπειθ’
645 4078 686 4146 ὅτ’
708 4073 784 4162 ἦλθε
807 4078 888 4163 παρό
911 4101 950 4142 σε.

307 4193 413 4253 Latine
435 4193 476 4252 ita
499 4191 688 4268 expressisse,
712 4194 746 4248 ut
767 4189 891 4247 verbum
913 4188 1005 4247 verbo
1029 4187 1173 4247 redderet.
