3266 4772
681 493 894 574 ,43Τ

253 656 349 714 vetur.
394 653 517 713 Constat
539 653 628 726 enim,
651 651 824 727 saepissime
845 667 968 722 uxores,
991 651 1149 729 postquem
1171 648 1204 706 in
1226 646 1327 706 matri·

253 756 386 814 monium
409 755 494 814 dotse
523 755 598 827 sint,
626 773 688 812 non
710 752 809 812 statim
832 756 948 828 portum
971 750 1140 826 concipere,
1173 750 1224 809 sed
1246 753 1327 808 certo

254 856 386 937 quodem
407 855 551 932 temporis
573 855 669 933 spetio
692 859 770 931 post.
815 852 927 917 Quodsi
949 853 1070 912 senibus
1092 851 1260 910 nuntiatum
1283 869 1327 907 es-

253 963 307 1032 set,
330 958 483 1034 peperisse
498 956 598 1029 filium,
621 957 672 1016 sed
687 955 877 1015 immaturum
892 973 957 1014 esse
975 958 1101 1030 partum,
1124 953 1269 1024 abortum,
1286 983 1328 994 -

253 1059 367 1119 scilieet
387 1064 440 1118 cut
461 1057 670 1117 moribundum
693 1062 745 1117 aut
767 1058 817 1136 qui
834 1057 884 1115 diu
899 1055 1001 1116 vivere
1024 1060 1103 1115 certe
1125 1054 1264 1134 nequiret
1285 1086 1326 1097 -

254 1161 325 1241 quin
349 1165 412 1220 tum
434 1179 560 1236 puerum
583 1158 791 1235 exposuissent
813 1158 948 1217 dubitare
970 1157 1131 1216 nonlicet.

339 1260 422 1325 Quae
444 1281 510 1321 oum
532 1261 576 1321 ite
598 1261 673 1334 sint,
696 1260 759 1321 sive
780 1262 838 1320 hoc
860 1260 924 1320 sive
945 1259 1020 1319 illud
1042 1260 1123 1339 quod
1145 1277 1235 1334 supra
1256 1278 1327 1335 pro·

252 1363 338 1440 posui
361 1363 530 1442 accipimus,
554 1364 717 1421 abortus
739 1364 864 1423 verbum
887 1361 1063 1421 servendum
1079 1365 1133 1433 est,
1155 1366 1246 1438 etque
1261 1364 1327 1419 ten·

252 1471 315 1524 tum
337 1466 421 1525 obest
443 1464 570 1524 utillud
594 1463 681 1522 nobis
703 1464 742 1524 sit
765 1463 939 1536 eiciendum,
960 1469 995 1523 ut
1018 1469 1120 1523 contra
1142 1463 1167 1522 si
1189 1482 1250 1521 non
1273 1480 1325 1519 ex-

253 1571 346 1627 staret
365 1565 666 1625 hic'desidereremus
687 1569 778 1644 etque
796 1583 1015 1641 reponeremus.
1060 1565 1127 1624 Est
1148 1564 1271 1640 igitur
1285 1595 1328 1606 —

254 1669 339 1727 modo
362 1672 397 1725 ut
417 1667 491 1726 illud
513 1668 579 1728 ‘Dic
596 1664 710 1726 amebo'
731 1668 921 1728 restituemus
943 1700 984 1711 —
1006 1671 1117 1726 totus
1139 1667 1247 1725 locus
1269 1665 1327 1723 in-

253 1772 364 1842 teger
379 1763 604 1849 nullamque
623 1768 800 1828 medendi
819 1787 967 1844 operum
983 1767 1148 1843 recipit:
1172 1769 1228 1826 hoe
1244 1785 1327 1838 vero,

254 1873 289 1928 ut
310 1868 404 1946 ipsius
426 1875 531 1945 poetes
555 1891 674 1929 menum
695 1889 911 1946 recuperemus,
937 1869 1108 1946 ponendum
1122 1887 1186 1927 esse
1203 1885 1328 1926 censeo:

440 1972 507 2031 mo
530 1971 670 2030 ΑΜΔΒΟ
695 1971 888 2030 ABORTVM
911 1972 1005 2031 ESSE
1028 2015 1035 2030 .
1058 2014 1065 2029 .
1089 1970 1131 2048 .¹)

336 2076 437 2152 Atque
459 2079 492 2133 ut
513 2093 549 2133 ec
571 2092 647 2153 quse
667 2075 856 2149 praecedunt,
877 2074 921 2134 itu
935 2093 1012 2154 quse
1033 2074 1233 2153 insequuntur
1248 2089 1324 2150 quo-

253 2174 363 2254 quein
386 2175 505 2235 fabulae
527 2196 616 2236 cursu
637 2196 704 2236 oum
727 2194 762 2234 eo
786 2178 866 2255 quod
889 2178 975 2237 modo
992 2175 1198 2237 constituimus
1214 2173 1327 2249 optime

253 2277 452 2338 consentiunt

338 2379 457 2439 Etenim
479 2379 663 2454 Pamphilus,
686 2378 835 2458 quiahoc
857 2381 894 2450 ab
918 2398 949 2439 se
972 2379 1161 2456 impetraret,
1185 2381 1220 2437 ut
1241 2377 1327 2436 redu·

253 2498 319 2540 cere
341 2500 465 2540 uxorem
488 2500 552 2540 sese
575 2486 695 2557 putaret
715 2481 872 2557 indignum
896 2515 935 2525 —
959 2481 1001 2541 sic
1024 2482 1104 2540 enim
1127 2480 1213 2540 dicit:

338 2582 424 2642 ‘Nem
447 2584 483 2642 de
505 2584 700 2657 redducende,
723 2584 754 2642 id
769 2602 842 2644 vero
865 2603 903 2643 ne
925 2584 1061 2664 utiquam
1083 2585 1240 2643 honestum
1263 2599 1328 2640 esse

1070 2685 1215 2745 arbitror:

271 2813 273 2818 ·
336 2787 400 2847 Nec
426 2787 549 2861 faciem,
579 2786 634 2847 etsi
663 2806 746 2848 emor
773 2808 820 2848 me
848 2789 979 2864 graviter
1001 2788 1242 2866 consuetudoque
1263 2784 1328 2843 eius

1067 2884 1176 2950 tenet':
1189 2887 1220 2963 ¹)
1243 2919 1285 2931 -

252 2993 409 3070 postquem
431 2990 463 3049 in
485 2991 617 3051 eiusdem
647 2999 731 3053 cetus
753 3013 859 3054 sceene
880 2993 986 3074 quinte
1008 3012 1074 3052 oum
1096 2990 1247 3067 Phidippo
1270 2988 1327 3047 Le·

254 3094 399 3173 cheteque
422 3094 603 3155 conveniens
624 3100 742 3171 portum
764 3114 815 3156 eos
836 3094 951 3156 nescire
974 3094 1075 3167 sensit,
1097 3097 1132 3153 ut
1153 3092 1327 3171 Myrrhinse

320 3380 346 3447 1)
363 3381 412 3430 Dio
428 3381 525 3448 slmtbo
544 3381 666 3447 ablortum
684 3368 750 3448 celsi
762 3379 773 3449 ΙΙ
785 3382 840 3430 scio
855 3379 860 3447 Ι
876 3340 1013 3430 ndminiid
1028 3380 1032 3447 Ι
1048 3380 1196 3445 sdspoictdm
1214 3379 1285 3446 seire.

251 3467 341 3516 Versui
364 3469 399 3550 ite
423 3469 482 3516 sctis
506 3469 560 3516 fleri
586 3469 657 3516 focile
681 3473 719 3515 est
744 3467 913 3528 comprobato.
949 3467 1022 3528 Quod
1048 3468 1155 3528 pertinet
1180 3467 1212 3515 cd
1238 3466 1326 3526 pedem

251 3554 436 3628 meminsse,
463 3575 571 3628 constet,
598 3570 733 3630 septenarii
751 3570 869 3618 troehsioi
887 3571 959 3618 sedes
977 3585 1063 3618 omnes
1080 3574 1179 3630 praeter
1196 3569 1327 3629 septimam

250 3657 364 3716 occupari
387 3669 460 3715 posse
478 3670 494 3702 s
512 3657 627 3716 dactylo:
653 3661 705 3703 tum
729 3656 755 3703 in
774 3655 813 3704 his
837 3655 1030 3716 monosyllabis:
1056 3655 1103 3716 in,
1130 3655 1176 3710 ld,
1202 3653 1253 3712 sd,
1279 3655 1326 3714 cb,

250 3741 315 3799 hio,
334 3740 412 3803 hoo,
439 3741 494 3790 aliis
511 3743 645 3803 neglegere
662 3741 810 3802 positionem
828 3741 928 3788 comicis
946 3745 984 3788 est
1000 3741 1026 3787 in
1046 3754 1100 3788 usu.
1137 3739 1246 3788 Cessero
1265 3742 1328 3789 solet

249 3826 302 3872 fleri
320 3831 362 3873 cut
379 3827 405 3872 iu
423 3827 486 3886 pede
504 3833 592 3886 quarto
610 3832 653 3874 cut
670 3832 727 3886 post
744 3841 807 3874 eum.
843 3825 937 3886 Quodsi
963 3831 990 3874 ut
1014 3825 1053 3873 hio
1071 3825 1185 3885 dactylus
1208 3841 1263 3874 eum
1287 3842 1327 3874 oo·

249 3915 334 3978 oupstp
349 3911 465 3958 usitatum
484 3918 522 3960 est
539 3913 604 3972 opud
623 3913 737 3966 comicos,
756 3918 783 3959 ut
794 3927 896 3960 cessuro
912 3913 956 3959 list
973 3918 1030 3972 post
1046 3912 1123 3968 ursin,
1142 3923 1259 3972 sequetur
1271 3930 1327 3960 ver-

249 3997 307 4044 bum
325 3997 533 4056 pyrrhichisoum.
569 3998 684 4057 Denique
695 3998 755 4045 illud
768 4004 893 4059 oxytonon
910 3981 987 4045 ossei
1005 4011 1054 4044 non
1073 3998 1151 4045 solum
1170 4005 1209 4046 est
1225 4000 1250 4045 in
1267 4001 1326 4057 orsi,

250 4081 294 4130 sed
312 4096 391 4142 psuss
409 4096 506 4142 quoque
524 4083 551 4129 dt
568 4084 734 4130 intercedente
754 4089 777 4130 et
789 4097 891 4132 cessure
909 4088 933 4131 et
951 4084 1156 4144 interpunctione.
1193 4085 1233 4132 Sic
1250 4072 1327 4134 essi

249 4169 310 4215 sctis
328 4168 438 4214 excusari
456 4182 553 4216 censeo.

317 4251 527 4316 &adsta
