3266 4772
694 1321 949 1394 vita.

369 1663 464 1722 Natus
492 1683 556 1722 eum
586 1662 762 1731 Franciecus
783 1661 985 1723 Hildebrandt
1013 1662 1158 1721 Gammini
1187 1664 1220 1721 in
1248 1662 1357 1738 oppido

284 1764 477 1824 PomeranIae
508 1765 555 1823 die
583 1763 704 1822 XXIII.
739 1764 847 1824 mensis
881 1763 993 1840 Aprilis
1026 1765 1096 1823 anni
1128 1765 1216 1824 huius
1250 1764 1359 1825 saeculi

285 1864 414 1940 LVIII.,
438 1871 522 1941 petre
545 1866 692 1938 Gustavo,
716 1871 808 1927 matre
830 1867 925 1925 Maria
948 1887 964 1925 e
986 1872 1074 1942 gente
1096 1867 1228 1939 Rhades,
1252 1867 1359 1946 quibus

285 1967 497 2043 superst'tibus
526 1967 622 2025 adhuc
645 1968 768 2042 gaudeo.
811 1969 897 2026 Fidei
918 1970 1053 2028 addictus
1075 1989 1138 2028 sum
1162 1969 1358 2044 evangelicae.

371 2069 574 2148 Frequentavi
597 2070 666 2127 inde
688 2089 706 2127 a
729 2074 814 2130 sexto
837 2090 931 2150 usque
954 2072 989 2129 cd
1014 2070 1285 2146 duodevigesimum
1308 2089 1358 2128 an-

286 2191 357 2228 num
385 2171 570 2249 gymnasium
593 2171 858 2247 Bugenhagianum
881 2173 1060 2250 Treptoviae
1090 2173 1125 2231 ad
1149 2173 1275 2247 Re'gam,
1307 2173 1359 2231 ubi

285 2293 309 2333 a.
332 2274 363 2332 h.
387 2293 409 2332 s.
433 2273 591 2332 LXXVII.
622 2292 723 2333 menso
752 2275 915 2335 Februario
947 2275 1125 2334 maturitatis
1157 2275 1359 2334 testimonium

285 2377 409 2451 adeptus
433 2396 506 2436 sum.
552 2374 627 2432 Dein
658 2382 815 2456 postquem
844 2396 898 2454 per
925 2381 1066 2436 aestatem
1097 2377 1168 2436 anni
1200 2377 1360 2436 LXXVH.

216 2485 219 2490 '
285 2477 436 2552 Marburgi
468 2476 573 2536 studiis
601 2477 789 2553 philologieis
818 2497 937 2554 operam
967 2481 1051 2552 dedi,
1084 2499 1138 2556 per
1167 2480 1277 2557 septies
1307 2499 1359 2538 sax

285 2597 402 2637 menses
426 2579 542 2639 civibus
557 2579 767 2639 Universitatis
788 2581 957 2640 Fridericae
974 2581 1137 2641 Guilelmae
1148 2581 1359 2644 ¹Berolinensis

286 2680 455 2757 adscriptus
484 2680 537 2739 fui.
581 2680 669 2740 Nunc
698 2681 729 2740 in
760 2683 940 2743 absolvendo
970 2683 1106 2742 examine
1136 2703 1189 2760 pro
1219 2682 1359 2741 facultate

288 2782 410 2842 docendi
434 2787 593 2859 occupatus
616 2804 689 2842 sum.
735 2786 781 2844 Ab
809 2790 950 2846 autumno
980 2786 1056 2845 anni'
1073 2784 1235 2845 LXXXII.
1266 2803 1360 2863 usque

285 2885 321 2942 ad
345 2892 504 2943 exeuntem
527 2903 636 2942 annum
659 2884 839 2946 LXXXIII.
863 2887 1044 2947 valetudinis
1068 2907 1137 2945 cura
1158 2891 1276 2946 coaetus
1298 2886 1360 2945 ruri

284 2987 485 3064 praecept-oris
508 2987 662 3046 domestici
683 3007 791 3046 munus
813 2988 937 3064 suscepi.

371 3089 523 3165 Morburgi
539 3088 682 3149 lectiones
697 3089 828 3150 virorum
845 3091 1079 3150 doctissimorum
1096 3092 1210 3163 Caesar,
1234 3091 1358 3164 Dietnel,

286 3192 393 3264 Lucae,
417 3191 507 3268 Leop.
523 3191 667 3265 Schmidt,
689 3193 811 3268 Stengal
832 3193 942 3255 audivi.
987 3193 1118 3252 Berolini
1135 3194 1299 3251 docuerunt
1313 3212 1359 3250 me

285 3293 342 3352 viri
366 3293 519 3353 clarissimi
544 3299 633 3374 atque
656 3294 816 3354 doctissimi
839 3295 878 3354 H.
902 3296 1048 3372 Droysen,
1070 3294 1228 3366 Huebner‚
1241 3294 1359 3352 'Kirch-

286 3395 357 3470 hoff,
380 3396 501 3469 Lasson,
525 3396 662 3470 Paulson,
685 3397 856 3469 Pflaidarer‚
879 3396 1034 3467 Steinthal,
1058 3395 1183 3454 Vahlen.
1227 3396 1360 3471 Benigne

287 3503 495 3558 concesserunt
515 3499 632 3558 Vahlen
662 3503 693 3558 et
714 3499 840 3557 Hiibner
867 3503 901 3558 nt
928 3496 1129 3574 philologieis,
1159 3496 1307 3557 Steinthal
1330 3501 1360 3557 et

287 3599 401 3660 Lasson
424 3605 458 3660 ut
480 3599 702 3678 philosophicis,
726 3601 765 3660 Η.
787 3600 924 3677 Droysen
945 3606 981 3658 ut
1001 3598 1150 3658 historicis
1172 3599 1360 3659 exercItatic·

285 3701 374 3761 nibus
402 3703 583 3763 interessem.
638 3702 753 3767 Quibus
779 3701 1021 3778 praeceptoribus
1049 3699 1238 3776 amplissimis
1267 3701 1361 3760 omni-

285 3804 340 3862 bus
363 3806 487 3880 gratiam
509 3806 604 3864 habeo
626 3804 776 3864 meritam:
807 3822 878 3879 prae
901 3801 1007 3862 ceteris
1029 3807 1127 3861 autam
1150 3805 1233 3860 Aem.
1257 3803 1360 3860 Hueb·

286 3905 350 3963 neri
381 3911 412 3964 et
443 3908 497 3966 Ad.
528 3906 665 3979 Lassoni‚
700 3905 751 3984 qui
783 3923 897 3963 summa
928 3923 993 3962 cum
1024 3903 1234 3962 benevolentia
1263 3904 1360 3963 studia

209 4067 212 4071 ,
287 4028 352 4068 mea
367 4008 601 4069 sublevaverunt
614 4012 703 4087 atque
718 4011 874 4080 auxerunt,
897 4003 1067 4065 memoriam
1089 4004 1140 4079 pio
1164 4010 1253 4084 atque
1275 4009 1359 4080 grato

286 4111 384 4170 animo
407 4129 523 4187 semper
545 4109 647 4170 colam.

722 4276 925 4286 ......-.-----
