3266 4772
737 443 950 508 ..46-

305 603 436 658 nostram
466 598 624 658 lectionem
652 602 848 675 respuendam
876 607 1004 662 censeat.
1049 598 1128 663 Quid
1150 596 1250 658 enim?
1294 597 1380 654 Pam-

264 731 267 736 ·
305 678 430 775 philum,
454 720 519 759 eum
542 701 676 779 abortum
701 721 824 776 puerum
848 722 913 762 esse
934 703 1072 775 declaret,
1094 699 1181 758 simul
1202 716 1327 774 puerum
1345 696 1381 752 de

308 821 340 860 se
363 805 466 859 natum
489 819 553 861 esse
575 801 707 876 profiteri
731 822 831 861 nonne
852 805 917 864 luoe
938 810 984 864 est
1005 800 1129 862 elarius?

391 904 551 962 Praeterea
571 902 645 961 illud

545 1005 614 1063 ‘seio
637 1005 748 1064 nemini
772 1006 861 1066 aliter
882 1013 1050 1083 suspeotum
1074 1001 1145 1065 fore’

308 1124 375 1163 oum
397 1123 432 1164 eo
456 1108 535 1184 qnod
558 1107 741 1183 Sprengerus
763 1107 1035 1187 Fleolreisenusque
1057 1107 1172 1180 volunt,

613 1207 678 1266 ‘Dio
701 1211 806 1268 amabo
830 1216 928 1270 ortum
950 1230 989 1269 ex
1011 1206 1048 1270 te'

306 1328 366 1366 non
389 1309 484 1369 solum
507 1309 627 1369 vineulo
650 1310 712 1369 ullo
735 1311 924 1370 eoniunotum
947 1332 1007 1370 non
1029 1332 1109 1385 esse,
1137 1311 1188 1370 sed
1211 1308 1300 1368 etiem
1323 1307 1380 1366 dis-

306 1429 428 1486 crepare
452 1430 541 1486 supra
554 1412 581 1489 ¹)
604 1412 905 1472 commemoravimus.
949 1415 1119 1473 Absurdum
1149 1412 1228 1471 enim
1256 1414 1320 1468 erat
1348 1408 1380 1465 in

306 1532 342 1571 ea
362 1531 395 1571 re
424 1513 460 1572 da
482 1513 650 1589 suspicione
681 1513 801 1572 omnino
833 1514 973 1588 cogitare.
1017 1520 1059 1574 At
1081 1516 1105 1574 si
1127 1512 1311 1574 restituimus
1332 1510 1382 1570 vel

305 1614 406 1690 potius
428 1633 580 1676 servamus

615 1717 680 1777 ‘Die
702 1719 806 1777 amabo
830 1720 967 1778 abortum
990 1715 1072 1791 esse’‚

306 1818 417 1894 optime
445 1819 477 1877 in
507 1820 684 1879 sententiam
715 1822 849 1898 quadrat.
892 1823 940 1879 sn
963 1839 1034 1880 vero
1064 1819 1108 1878 ita
1128 1818 1236 1878 mirum
1264 1817 1378 1888 fuisset,

306 1921 331 1980 si
348 1921 469 1980 senibus
484 1920 515 1978 in
531 1940 563 1979 re
577 1920 699 1979 insolita
720 1927 810 2000 atque
831 1923 1037 1998 inexspectata
1058 1921 1213 1981 incidisset
1233 1917 1379 1995 suspieio?

212 2041 215 2048 ·
305 2041 390 2101 quae,
413 2023 438 2081 si
454 2023 517 2098 ipse
533 2021 707 2097 Pamphilus
729 2043 853 2098 puerum
870 2042 1048 2103 quamquam
1070 2027 1257 2098 praemature
1279 2029 1378 2082 tamen

305 2143 374 2183 ese
397 2132 494 2184 ortum
517 2141 581 2182 esse
604 2122 799 2197 confirmarat,
822 2125 970 2185 removeri
992 2125 1100 2201 potuit.

390 2227 496 2286 Restat
516 2229 552 2286 ut
572 2226 660 2286 etism
684 2225 818 2286 oodieum
840 2225 986 2301 seriptura
1006 2227 1037 2287 id
1061 2228 1140 2306 quod
1157 2227 1294 2306 equidem
1309 2225 1378 2285 volo

308 2328 506 2388 commendari
528 2327 630 2404 paneis
652 2346 809 2404 exponam.

393 2430 525 2489 Primum
541 2448 736 2489 oommemoro
758 2431 801 2490 its
819 2427 891 2489 illud
906 2432 1030 2490 verbum
1053 2429 1191 2511 relinqui,
1216 2430 1294 2510 quod
1311 2449 1379 2490 eon·

307 2553 396 2593 sensu
418 2533 549 2592 omnium
570 2531 713 2590 librorum
736 2536 880 2592 teneatur.
925 2531 999 2590 Tum
1021 2533 1171 2592 Donatum
1196 2551 1316 2612 quoque
1338 2533 1381 2591 ita

308 2636 416 2711 legisse
431 2634 493 2694 veri
510 2636 590 2693 oerte
612 2636 657 2692 est
679 2632 869 2708 simillimum,
893 2634 963 2714 quia
984 2652 1082 2714 nequa
1103 2635 1135 2693 in
1158 2635 1222 2694 eius
1243 2635 1380 2694 lemmate

308 2754 406 2815 neque
426 2736 459 2794 in
475 2735 684 2795 commentario
701 2734 863 2815 quidquam
882 2742 1013 2796 nostram
1035 2735 1193 2795 lectionem
1215 2736 1379 2811 redarguit:

308 2837 414 2897 utillo
437 2854 556 2916 quoque
578 2841 676 2894 eertus
697 2837 781 2896 verbi
806 2833 944 2896 ‘abortus'
971 2837 1056 2898 testis
1078 2837 1198 2897 existat.
1242 2838 1379 2917 Denique

308 2941 366 2999 hoe
387 2958 447 2997 non
470 2937 765 3013 praetermittendum
788 2945 834 2998 est
864 2938 992 2998 DIuAM
1016 2938 1209 2998 ABORTVM
1231 2939 1325 2998 ESSE
1354 2939 1379 2998 si

309 3060 369 3100 non
391 3039 510 3099 facilius
531 3044 563 3099 at
584 3046 663 3100 certe
685 3059 779 3120 aeque
807 3029 895 3099 facile
915 3061 953 3100 ex
975 3060 1010 3100 eo
1033 3043 1113 3121 quod
1141 3061 1195 3100 nos
1223 3042 1380 3102 restituere

307 3143 445 3220 volumus
459 3147 548 3222 atque
564 3162 603 3202 ex
617 3142 669 3202 illo
683 3143 763 3222 quod
774 3143 958 3219 Sprengerus
972 3144 1092 3221 reponit
1107 3143 1178 3203 oriri
1192 3144 1325 3220 potuisse
1337 3142 1380 3220 ²):

308 3246 380 3326 quia
400 3245 487 3304 faoile
508 3245 602 3325 isqui
618 3245 728 3305 librum
743 3245 919 3305 Bembinum
941 3247 1060 3324 seripsit
1081 3247 1148 3306 illas
1169 3245 1284 3305 litteras
1299 3244 1379 3304 ΔΒΟ

309 3367 385 3427 quae
415 3349 500 3407 erant
527 3349 706 3425 repetendae
736 3352 788 3407 aut
818 3356 916 3409 errato
946 3350 1182 3427 praetermittere
1210 3352 1262 3407 aut
1283 3353 1380 3408 errato

308 3451 344 3509 ab
368 3450 468 3530 aliquo
491 3455 559 3509 ante
583 3467 646 3509 sese
674 3449 770 3509 sariba
796 3451 910 3525 positas
937 3451 1044 3512 iterum
1074 3470 1138 3510 esse
1166 3450 1297 3511 iudicare
1326 3471 1379 3529 po-

308 3552 374 3614 tuit
397 3585 440 3595 -

394 3655 439 3713 De
464 3642 565 3714 ‘Caroli
587 3653 717 3713 (lonradt
742 3653 906 3726 sententia,
941 3654 1011 3733 quia
1040 3655 1105 3716 eius
1134 3655 1242 3717 librum
1256 3659 1284 3737 Β)
1311 3664 1380 3720 ante

308 3755 389 3814 edire
413 3755 486 3813 mihi
515 3773 575 3814 non
604 3756 743 3832 contigit,
776 3775 809 3815 re
831 3767 951 3832 pernota
976 3758 1094 3816 demum
1122 3759 1219 3819 dioere
1249 3781 1379 3837 possum.

378 3927 391 3971 1
440 3925 499 3972 did.

377 3925 405 4068 ti
422 3937 453 4058 ll.
473 4021 536 4067 quse
554 4011 716 4068 euprepii
734 4008 765 4057 de
783 4012 821 4055 ‘ex
839 4007 871 4056 ts’
889 4008 1002 4058 diximus.

377 4096 404 4156 ³)
423 4095 477 4142 ‘Die
501 4095 631 4141 metrisehe
655 4094 822 4154 composition
847 4095 891 4142 der
909 4094 1042 4145 Gomddien
1064 4098 1106 4148 des
1132 4101 1235 4150 Torene’
1259 4118 1283 4164 p.
1297 4106 1327 4152 tl
1342 4119 1379 4165 sq.

308 4182 363 4232 adn.
377 4185 402 4231 2.
