3266 4772
721 411 935 476 ..22-

380 565 447 637 „Ob
470 567 542 625 aber
564 565 615 648 das
639 565 842 630 oontaminars
864 566 995 626 fabulam
1019 585 1076 625 nur
1097 565 1206 638 heisst,
1229 585 1267 625 ex
1290 584 1368 624 oom-

296 667 431 744 pluribus
462 667 662 727 Menandri
691 672 754 726 aut
781 666 947 728 aliorum
975 666 1085 727 fabulis
1117 668 1249 727 eonfiare
1277 686 1370 728 unam

298 765 404 846 [Mein.
434 769 548 847 proleg.
570 771 607 828 ad
631 771 700 845 Frg.
723 774 779 828 eto.
801 769 827 828 I.
850 790 878 846 p.
894 768 1035 830 XXXVI
1057 769 1149 851 not],
1181 769 1253 828 oder
1282 770 1370 828 iiber·

297 872 393 948 haupt
415 891 474 932 von
497 872 563 932 dom
581 871 860 932 Zosammansetzen
883 871 968 930 einer
983 869 1122 930 Oomddie
1144 889 1197 930 aus
1219 870 1370 931 versohio·

298 973 394 1030 denen
412 972 550 1047 Stiioken,
574 974 748 1034 framdan
762 974 837 1033 und
856 974 1029 1048 aigenen,
1051 973 1111 1032 und
1130 993 1189 1034 von
1205 974 1258 1031 dar
1272 973 1370 1032 fraien

299 1074 501 1150 Bearbeitung
523 1076 563 1135 im
586 1075 792 1150 Aligemeiuan
817 1096 855 1135 zu
877 1077 1036 1137 varstehsn
1058 1075 1114 1147 irt,
1137 1075 1267 1134 das-iiber
1289 1074 1370 1132 kann

300 1195 368 1234 mon
391 1177 575 1238 nweifelhatt
597 1177 677 1238 sain:
701 1180 768 1237 dass
790 1179 876 1238 nieht
897 1178 978 1238 bloss
1001 1197 1095 1252 ganza
1117 1177 1296 1236 Comoedian
1321 1176 1371 1233 da-

300 1277 357 1336 mit
377 1277 511 1352 gemeint
532 1279 614 1351 sind,
638 1281 766 1339 sondern
789 1281 866 1339 auoh
889 1280 1024 1340 einzelne
1047 1279 1225 1350 Gadanken,
1248 1276 1373 1337 beweist

299 1378 366 1439 mar
386 1379 521 1441 Donat.
543 1363 589 1440 ω’
610 1382 720 1444 Andr.
743 1382 779 1455 v,
805 1387 831 1455 s,
854 1381 933 1442 aa:

386 1483 483 1543 ‘Hane
506 1483 683 1544 sententiam
707 1488 800 1544 totam
815 1483 971 1544 Menandri
993 1485 1028 1544 de
1047 1484 1192 1544 Eunuoho
1209 1480 1372 1541 transtulit.

302 1583 344 1641 Et
365 1585 424 1644 hoo
446 1593 492 1645 est
515 1586 593 1665 quod
617 1586 734 1660 dieitur,
758 1585 954 1646 oontaminari
978 1607 1037 1646 non
1061 1586 1165 1645 dooere
1186 1578 1336 1642 fabulaa'·

387 1685 489 1747 Dabar
511 1689 586 1747 anah
609 1688 698 1764 prol.
722 1690 873 1748 Heaut:

478 1789 597 1849 ‘Multas
620 1790 838 1850 oontaminasse
860 1789 1003 1862 Graeoas,
1026 1789 1094 1848 dum
1116 1788 1190 1848 faeit

476 1891 590 1950 Pauoas
611 1890 753 1965 Latinas’‚

302 1990 365 2049 und
387 1991 522 2053 Donat
544 2013 590 2053 nu
612 1996 705 2071 prol.
730 1994 854 2054 Anda:

480 2098 527 2154 ‘ax
549 2095 650 2154 multis
672 2115 761 2156 unam
783 2091 927 2155 faeere.’“
944 2128 987 2139 -

391 2193 469 2257 Quid
491 2196 602 2272 igitur?
646 2197 804 2258 Corruitno
831 2199 919 2274 plana
942 2195 1204 2257 contaminationis
1227 2189 1376 2270 suspioio?

305 2293 457 2356 Quantum
480 2299 598 2378 quidem
621 2321 637 2360 e
658 2300 792 2361 vinorum
822 2301 974 2361 doctorum
1004 2298 1229 2380 quaestionibus
1257 2294 1376 2372 pandet,

306 2415 378 2456 sane
400 2399 527 2476 eorruit,
550 2407 690 2481 reeteque
713 2403 895 2464 Ritsohalius
917 2404 1037 2464 videtur
1057 2402 1220 2472 indioasse,
1243 2416 1310 2457 oum
1332 2396 1376 2453 di-

307 2501 443 2580 earet¹):

391 2605 541 2676 „Endlieh
570 2607 609 2666 ist
640 2608 726 2668 nieht
756 2607 865 2668 sinmal
895 2606 1013 2682 friglioh
1043 2605 1230 2675 abanoehnn,
1264 2601 1378 2666 walone

307 2705 409 2765 Partis
431 2707 485 2767 der
506 2710 626 2787 Heoyra
649 2720 726 2772 etwa
748 2711 845 2770 einam
867 2709 995 2772 aweiten
1019 2707 1156 2784 Original
1178 2706 1291 2765 ko‘nnte
1313 2707 1378 2762 ent·

308 2827 446 2868 nomman
470 2811 544 2884 sain,
567 2813 604 2889 da
622 2811 670 2872 die
686 2807 850 2888 Handlung
872 2832 904 2871 so
928 2812 1076 2872 durahaus
1098 2809 1219 2869 eintaoh
1239 2807 1288 2880 ist,
1311 2806 1379 2864 dass

308 2909 398 2969 kaurn
426 2912 493 2971 eine
514 2914 608 2974 Saena
631 2916 773 2975 entbahrt
793 2915 913 2976 werden
943 2913 1024 2973 kann
1052 2933 1106 2972 zur
1127 2908 1380 2984 Vollstiiudigkeit

308 3013 385 3073 anah
407 3034 465 3073 nur
487 3014 571 3075 einer
591 3017 730 3092 ainaigen
753 3017 927 3078 Comoedia:
951 3017 1001 3076 ein
1022 3014 1228 3087 Varhditniss‚
1251 3012 1379 3074 welohes

307 3115 387 3174 anah
416 3116 449 3174 in
483 3116 540 3176 dan
569 3118 695 3181 Worten
727 3122 778 3181 dar
808 3119 1036 3179 Euanthius
1065 3119 1107 3177 da
1138 3118 1211 3176 fab.
1243 3136 1271 3193 p.
1294 3114 1381 3176 LVI

308 3215 420 3284 West.
442 3220 622 3294 angadeutet
641 3223 695 3284 ist:

396 3325 481 3384 ‘Nam
504 3333 629 3404 excepta
649 3327 779 3405 Heoyra
802 3326 835 3385 in
858 3343 916 3405 qua
938 3323 1027 3384 unius
1049 3321 1199 3400 Pamphili
1222 3340 1306 3381 amor
1327 3326 1380 3394 ert,

311 3429 427 3486 aetenae
450 3427 582 3509 quinqua
605 3430 691 3491 binos
714 3428 919 3488 adulesoentes
941 3423 1139 3504 habent').’“

397 3529 507 3590 Tamen
530 3552 584 3592 nos
608 3533 726 3612 quidem
749 3533 847 3592 faeere
869 3550 929 3590 non
951 3549 1110 3609 possumus
1131 3526 1205 3608 quin
1221 3529 1324 3586 eontra
1338 3524 1382 3582 di-

382 3666 407 3730 l)
425 3668 481 3716 Par.
500 3684 524 3729 p.
538 3672 595 3719 827.

381 3754 408 3820 θ)
426 3757 517 3804 Verum
536 3757 561 3804 in
579 3756 643 3806 bana
660 3768 757 3816 quoquo
781 3753 928 3802 sententiam
943 3751 1060 3799 Euanthii
1077 3750 1195 3810 quadrat,
1221 3748 1286 3808 quod
1304 3749 1335 3796 da
1354 3761 1384 3796 eo

312 3857 387 3904 supra
412 3847 448 3906 (p.
464 3845 496 3891 1⁸
514 3844 571 3890 adn.
584 3847 611 3904 4)
635 3843 747 3892 diximus.
782 3843 847 3888 Nam
873 3839 956 3888 videta
981 3839 1040 3898 quid
1066 3838 1215 3885 Donatus
1240 3835 1327 3883 dooaat
1352 3833 1384 3880 ad

313 3929 410 3978 Andr.
429 3931 474 3989 ΙΙ,
494 3934 523 3977 1:

384 4019 519 4080 ‘Siquidem
531 4018 626 4067 Andria
637 4031 667 4065 ex
679 4016 782 4062 duorum
800 4012 991 4061 adulescentium
1009 4010 1143 4071 pavoribus
1160 4006 1302 4069 gaudiisque
1321 4019 1385 4052 oom-

314 4108 420 4170 ponitur‚
439 4120 493 4152 aum
506 4105 557 4151 tera
570 4104 648 4151 solam
661 4102 785 4162 Hecyram
799 4099 929 4147 Terentius
947 4112 977 4144 ax
989 4096 1061 4143 unius
1079 4094 1206 4143 oomoadia
1223 4091 1386 4138 adulescentis
1485 4137 1490 4146 ,

314 4193 437 4244 effecerit!
