3266 4772
727 433 940 498 -12-

382 589 524 649 Videmus
553 611 639 664 ergo,
670 591 750 650 haud
773 610 841 650 raro
864 591 999 649 ordinem
1021 588 1249 648 adnotationum
1271 607 1288 646 a
1310 588 1371 646 Do·

296 697 367 751 uato
400 693 526 766 mutari,
559 694 624 750 sed
656 712 850 773 nunquam
879 712 954 751 non
984 695 1028 750 in
1059 695 1247 751 secundo
1277 697 1370 750 loco

296 793 438 853 Graeci
461 795 633 855 auctoris
656 816 789 854 nomen
814 797 858 854 ab
882 815 921 854 co
945 793 1091 870 reponi.

381 899 429 955 Ita
444 897 626 975 Geppertum
650 917 768 977 quoque
790 898 984 956 iniudicatam
1007 895 1093 955 nobis
1114 913 1177 954 rem
1200 894 1370 975 relinquere

296 998 441 1060 videmus.
922 1003 924 1012 ’

383 1101 523 1181 Denique
546 1100 668 1161 Carolus
692 1101 877 1178 Dziatzk01)
900 1102 936 1160 de
957 1103 1016 1161 hac
1038 1121 1071 1160 re
1094 1098 1267 1176 disputavit.
1312 1099 1369 1156 Sed

297 1208 372 1282 quae
395 1224 434 1262 ex
457 1205 521 1262 eius
543 1205 803 1278 argumentatione
824 1205 950 1264 alicuius
981 1204 1042 1262 siut
1062 1203 1222 1274 momenti,
1252 1200 1370 1277 aGep-

295 1310 383 1383 parto
407 1311 477 1365 sunt
498 1306 643 1384 repetita:
667 1307 736 1365 dein
759 1306 843 1366 ulcus
865 1306 906 1379 id,
929 1307 1041 1385 dequo
1064 1305 1172 1379 agitur,
1197 1323 1256 1362 non
1279 1303 1369 1361 attin·

296 1408 354 1481 git,
379 1409 430 1467 sed
453 1409 598 1487 praeterit
620 1414 651 1468 et
673 1410 889 1488 quodammodo
913 1410 1076 1468 submovet.
1121 1407 1168 1465 nd
1191 1407 1270 1486 quod
1292 1405 1369 1463 iudi-

295 1511 374 1569 cium
406 1512 658 1590 comprobandum
688 1513 763 1572 haec
794 1531 832 1573 ex
861 1513 925 1570 eius
957 1509 1168 1570 dissertatione
1201 1508 1368 1568 adscribere

296 1613 483 1689 sufficiat²):
1317 1599 1327 1608 ⁸

383 1715 501 1788 „Donat
523 1719 576 1778 hat
598 1718 631 1776 iu
654 1719 754 1778 aeiner
774 1717 947 1777 Didaskalie
970 1716 1069 1776 sicher
1090 1715 1177 1774 keins
1204 1713 1280 1790 (soil.
1304 1713 1390 1771 nul»

294 1816 355 1875 lam
378 1821 532 1897 exemplar
554 1820 711 1898 Graecum)
740 1820 934 1880 verzeichnet
956 1819 1117 1894 gefunden.
1142 1852 1183 1861 -
1212 1817 1290 1875 Dass
1311 1815 1369 1876 wir

294 1919 327 1977 in
350 1920 403 1978 der
417 1921 539 2000 Hecyra
562 1923 610 1981 ein
634 1922 725 1982 Stiick
747 1923 798 1980 des
816 1920 981 2000 Apollodcr
1002 1941 1058 1981 vor
1079 1941 1135 1979 uns
1157 1920 1265 1990 haben,
1288 1919 1368 1975 kann

294 2040 363 2080 man
392 2023 448 2082 mit
479 2024 652 2084 ziemlicher
681 2023 851 2083 Sicherheit
879 2043 932 2083 aus
963 2024 1143 2101 denjenigen
1173 2021 1285 2080 Stellen
1318 2020 1369 2078 des

294 2124 626 2186 Donat-(tommeutars
660 2127 839 2200 schliessen,
873 2147 920 2187 wo
955 2129 1033 2187 ohne
1066 2126 1115 2185 ein
1147 2124 1269 2185 Zweifel
1302 2142 1367 2181 aus-

296 2226 482 2288 drtickendes
505 2228 632 2289 ‘dicitur'
656 2230 727 2289 oder
749 2229 940 2304 derglcichen
956 2228 1194 2289 Parellelstellen
1216 2226 1268 2285 des
1291 2225 1368 2300 grie-

296 2330 438 2390 chischen
461 2331 571 2392 Stiicks
593 2331 636 2390 als
659 2352 720 2393 von
744 2333 909 2410 Apollodor
930 2333 1012 2392 citirt
1033 2332 1183 2393 werden.“

379 2433 517 2516 Denique
541 2436 619 2513 quod
641 2435 715 2494 illud
739 2432 865 2495 ‘dicitur’
889 2435 1065 2512 simpliciter
1086 2433 1130 2492 ita
1152 2431 1337 2509 explicat⁸):

379 2536 476 2608 „Hier
505 2537 581 2615 (scil.
604 2537 636 2595 in
660 2535 886 2614 commentario)
914 2538 968 2595 hat
996 2556 1029 2595 er
1058 2535 1106 2594 die
1129 2534 1367 2594 Parallclstellen

295 2636 374 2695 ohne
389 2639 528 2699 weiteree
550 2660 604 2698 aue
627 2641 724 2698 ciuem
746 2639 827 2699 alten
843 2641 1032 2699 Commentar
1055 2639 1199 2711 entlehnt,
1223 2638 1366 2699 wthrend

296 2759 329 2798 er
357 2759 395 2798 an
419 2742 475 2800 den
498 2742 606 2802 beiden
634 2747 866 2816 erstgeuannten
899 2741 1011 2801 Stellen
1040 2741 1084 2818 (in
1113 2741 1246 2801 auctario
1277 2746 1367 2820 atque

293 2842 326 2901 in
349 2845 534 2920 praefatione
556 2846 593 2904 ad
616 2844 841 2922 Phormionem)
864 2845 918 2903 auf
937 2845 1006 2904 eine
1027 2845 1137 2903 andere
1152 2844 1244 2903 Stella
1267 2845 1367 2916 Bezug

294 2944 434 3006 nimmt“:
456 2981 498 2991 -

380 3050 423 3109 sic
445 3050 557 3109 sentire
579 3051 653 3110 mihi
669 3051 802 3124 ridetur,
826 3055 861 3109 ut
882 3055 934 3109 aut
949 3051 1099 3109 Donatum
1120 3048 1267 3109 incertum
1288 3047 1366 3105 iudi·

296 3152 333 3210 cii
359 3159 448 3232 atque
470 3152 653 3220 imbecillum
675 3153 795 3228 iudicet,
820 3154 931 3233 quippe
955 3153 1005 3234 qui
1029 3172 1105 3232 quae
1127 3151 1200 3211 alias
1223 3151 1366 3222 docuerit,

295 3255 464 3329 neglexerit
485 3255 534 3316 vel
550 3255 660 3315 oblitus
684 3258 732 3330 sit,
755 3263 807 3316 aut
829 3292 870 3300 —
892 3257 957 3335 ipse
979 3275 1102 3333 prorsus
1125 3255 1202 3313 nihil
1224 3258 1301 3329 agat.

381 3359 464 3424 Quae
493 3378 559 3417 cum
587 3359 631 3418 ita
659 3359 733 3433 sint,
766 3360 851 3421 verbi
882 3353 1009 3418 ‘dicitur’
1040 3359 1272 3435 explicationem
1294 3357 1367 3417 satis

294 3462 483 3538 probabilem
506 3480 603 3539 neque
626 3462 724 3520 adhuc
746 3461 893 3540 prolatam
909 3481 973 3520 esse
988 3444 1085 3539 neque
1102 3461 1222 3519 omnino
1240 3459 1367 3538 proferri

294 3583 380 3641 posse
411 3565 604 3642 conspicuum
636 3569 688 3622 eet.
733 3564 810 3621 Nam
840 3568 872 3622 ut
901 3564 1004 3641 paucis
1033 3583 1096 3621 rem
1128 3563 1366 3641 complectamur,

293 3666 451 3724 Ritschelii
476 3666 595 3746 quidem
617 3665 790 3725 coniectura
812 3665 955 3724 eiusmodi
980 3669 1032 3737 est,
1056 3669 1090 3722 ut
1112 3669 1211 3723 utrum
1234 3685 1306 3725 vera
1329 3685 1367 3723 an

294 3768 369 3826 falsa
392 3768 431 3826 sit
453 3765 609 3828 diiudicari
633 3789 693 3827 non
716 3769 829 3845 possit:
864 3772 943 3840 tum,
976 3771 1127 3845 utcunque
1151 3785 1226 3846 quae
1249 3767 1367 3824 Donato

294 3875 412 3945 praesto
435 3870 493 3928 fuit
509 3870 669 3929 didascalia
690 3876 755 3929 erat
777 3873 954 3947 comparata,
980 3869 1047 3929 sive
1060 3869 1110 3948 qui
1127 3887 1192 3927 eam
1208 3865 1368 3945 scripserat

365 4022 389 4088 1)
408 4023 494 4070 Rhein.
513 4024 576 4070 Mus.
594 4024 625 4071 N.
638 4024 667 4070 F.
687 4023 755 4068 XXI.
775 4023 863 4082 (1866)
883 4037 906 4081 p.
921 4025 951 4070 76
965 4036 1018 4080 sqq.

362 4107 388 4172 2)
406 4122 430 4168 p.
445 4111 483 4157 76.

363 4194 389 4256 b)
408 4208 432 4254 p.
446 4195 485 4242 77.
506 4193 561 4240 adn.
576 4195 615 4242 19.
