<?xml version="1.0" encoding="UTF-8"?>
<!DOCTYPE html PUBLIC "-//W3C//DTD XHTML 1.0 Transitional//EN"
    "http://www.w3.org/TR/xhtml1/DTD/xhtml1-transitional.dtd">
<html xmlns="http://www.w3.org/1999/xhtml" xml:lang="en" lang="en">
 <head>
  <title>
</title>
<meta http-equiv="Content-Type" content="text/html;charset=utf-8" />
  <meta name='ocr-system' content='tesseract 3.04.00' />
  <meta name='ocr-capabilities' content='ocr_page ocr_carea ocr_par ocr_line ocrx_word'/>
</head>
<body>
  <div class='ocr_page' id='page_1' title='image "./dehecyraeterent00hildgoog_0032.png"; bbox 0 0 3266 4772; ppageno 0'>
   <div class='ocr_carea' id='block_1_1' title="bbox 701 408 914 474">
    <p class='ocr_par' dir='ltr' id='par_1_1' title="bbox 701 408 914 474">
     <span class='ocr_line' id='line_1_1' title="bbox 701 408 914 474; baseline 0 -18"><span class='ocrx_word' id='word_1_1' title='bbox 701 408 914 474; x_wconf 69' lang='lat'><strong>-23-</strong></span> 
     </span>
    </p>
   </div>
   <div class='ocr_carea' id='block_1_2' title="bbox 268 564 1344 2282">
    <p class='ocr_par' dir='ltr' id='par_1_2' title="bbox 270 564 1344 740">
     <span class='ocr_line' id='line_1_2' title="bbox 271 564 1344 646; baseline 0.001 -22"><span class='ocrx_word' id='word_1_2' title='bbox 271 583 385 624; x_wconf 86' lang='lat' dir='ltr'><strong>camus:</strong></span> <span class='ocrx_word' id='word_1_3' title='bbox 407 583 477 624; x_wconf 86' lang='lat' dir='ltr'><strong>nam</strong></span> <span class='ocrx_word' id='word_1_4' title='bbox 499 583 654 642; x_wconf 77' lang='lat' dir='ltr'>superesse</span> <span class='ocrx_word' id='word_1_5' title='bbox 676 565 763 625; x_wconf 86' lang='lat' dir='ltr'><strong>nobis</strong></span> <span class='ocrx_word' id='word_1_6' title='bbox 785 564 930 625; x_wconf 87' lang='lat' dir='ltr'><strong>nonnulla</strong></span> <span class='ocrx_word' id='word_1_7' title='bbox 944 565 1094 639; x_wconf 80' lang='lat' dir='ltr'><strong>ridentur,</strong></span> <span class='ocrx_word' id='word_1_8' title='bbox 1118 581 1193 646; x_wconf 79' lang='lat' dir='ltr'><strong>quae</strong></span> <span class='ocrx_word' id='word_1_9' title='bbox 1216 567 1344 626; x_wconf 81' lang='lat' dir='ltr'><strong>fortasse</strong></span> 
     </span>
     <span class='ocr_line' id='line_1_3' title="bbox 270 665 1077 740; baseline 0.002 -14"><span class='ocrx_word' id='word_1_10' title='bbox 270 665 400 740; x_wconf 80' lang='lat' dir='ltr'><strong>vestigia</strong></span> <span class='ocrx_word' id='word_1_11' title='bbox 421 667 582 726; x_wconf 83' lang='lat' dir='ltr'><strong>iudicanda</strong></span> <span class='ocrx_word' id='word_1_12' title='bbox 604 669 665 727; x_wconf 81' lang='lat' dir='ltr'><strong>sint</strong></span> <span class='ocrx_word' id='word_1_13' title='bbox 685 669 783 727; x_wconf 68' lang='lat' dir='ltr'><strong>hetae</strong></span> <span class='ocrx_word' id='word_1_14' title='bbox 806 667 1077 728; x_wconf 73' lang='lat' dir='ltr'><strong>contaminationis.</strong></span> 
     </span>
    </p>

    <p class='ocr_par' dir='ltr' id='par_1_3' title="bbox 271 769 1344 1053">
     <span class='ocr_line' id='line_1_4' title="bbox 356 769 1344 848; baseline 0.003 -21"><span class='ocrx_word' id='word_1_15' title='bbox 356 769 445 827; x_wconf 89' lang='lat' dir='ltr'><strong>Haud</strong></span> <span class='ocrx_word' id='word_1_16' title='bbox 468 770 557 845; x_wconf 86' lang='lat' dir='ltr'><strong>pauci</strong></span> <span class='ocrx_word' id='word_1_17' title='bbox 580 769 659 828; x_wconf 90' lang='lat' dir='ltr'><strong>enim</strong></span> <span class='ocrx_word' id='word_1_18' title='bbox 681 771 819 848; x_wconf 75' lang='lat' dir='ltr'><strong>Hecyrae</strong></span> <span class='ocrx_word' id='word_1_19' title='bbox 846 770 906 829; x_wconf 92' lang='lat' dir='ltr'><strong>loci</strong></span> <span class='ocrx_word' id='word_1_20' title='bbox 926 771 1009 829; x_wconf 89' lang='lat' dir='ltr'><strong>inter</strong></span> <span class='ocrx_word' id='word_1_21' title='bbox 1030 789 1061 828; x_wconf 86' lang='lat' dir='ltr'><strong>se</strong></span> <span class='ocrx_word' id='word_1_22' title='bbox 1084 770 1246 847; x_wconf 86' lang='lat' dir='ltr'><strong>comparati</strong></span> <span class='ocrx_word' id='word_1_23' title='bbox 1269 771 1344 830; x_wconf 83' lang='lat' dir='ltr'><strong>tales</strong></span> 
     </span>
     <span class='ocr_line' id='line_1_5' title="bbox 271 871 1344 952; baseline 0.004 -22"><span class='ocrx_word' id='word_1_24' title='bbox 271 873 417 950; x_wconf 79' lang='lat' dir='ltr'><strong>praebent</strong></span> <span class='ocrx_word' id='word_1_25' title='bbox 445 871 661 944; x_wconf 80' lang='lat' dir='ltr'><strong>dissensiones,</strong></span> <span class='ocrx_word' id='word_1_26' title='bbox 694 892 771 952; x_wconf 86' lang='lat' dir='ltr'><strong>quae</strong></span> <span class='ocrx_word' id='word_1_27' title='bbox 800 893 861 932; x_wconf 90' lang='lat' dir='ltr'><strong>non</strong></span> <span class='ocrx_word' id='word_1_28' title='bbox 884 890 902 931; x_wconf 86' lang='lat' dir='ltr'><strong>a</strong></span> <span class='ocrx_word' id='word_1_29' title='bbox 924 878 1014 949; x_wconf 89' lang='lat' dir='ltr'><strong>poeta</strong></span> <span class='ocrx_word' id='word_1_30' title='bbox 1039 873 1191 949; x_wconf 81' lang='lat' dir='ltr'><strong>profectae</strong></span> <span class='ocrx_word' id='word_1_31' title='bbox 1213 892 1278 931; x_wconf 83' lang='lat' dir='ltr'><strong>esee</strong></span> <span class='ocrx_word' id='word_1_32' title='bbox 1299 872 1344 934; x_wconf 79' lang='lat' dir='ltr'><strong>vi·</strong></span> 
     </span>
     <span class='ocr_line' id='line_1_6' title="bbox 271 974 1043 1053; baseline 0 -21"><span class='ocrx_word' id='word_1_33' title='bbox 271 975 405 1047; x_wconf 85' lang='lat' dir='ltr'><strong>deantur,</strong></span> <span class='ocrx_word' id='word_1_34' title='bbox 429 975 488 1034; x_wconf 88' lang='lat' dir='ltr'><strong>nisi</strong></span> <span class='ocrx_word' id='word_1_35' title='bbox 510 979 541 1034; x_wconf 90' lang='lat' dir='ltr'><strong>et</strong></span> <span class='ocrx_word' id='word_1_36' title='bbox 562 975 681 1034; x_wconf 84' lang='lat' dir='ltr'><strong>fabulae</strong></span> <span class='ocrx_word' id='word_1_37' title='bbox 703 981 734 1034; x_wconf 86' lang='lat' dir='ltr'><strong>et</strong></span> <span class='ocrx_word' id='word_1_38' title='bbox 756 975 801 1034; x_wconf 87' lang='lat' dir='ltr'><strong>sui</strong></span> <span class='ocrx_word' id='word_1_39' title='bbox 823 974 918 1053; x_wconf 86' lang='lat' dir='ltr'><strong>ipsius</strong></span> <span class='ocrx_word' id='word_1_40' title='bbox 941 975 1043 1034; x_wconf 89' lang='lat' dir='ltr'><strong>oblito.</strong></span> 
     </span>
    </p>

    <p class='ocr_par' dir='ltr' id='par_1_4' title="bbox 269 1075 1344 1362">
     <span class='ocr_line' id='line_1_7' title="bbox 357 1075 1344 1158; baseline -0.002 -22"><span class='ocrx_word' id='word_1_41' title='bbox 357 1075 443 1142; x_wconf 77' lang='lat' dir='ltr'><strong>Quod</strong></span> <span class='ocrx_word' id='word_1_42' title='bbox 474 1077 772 1158; x_wconf 34' lang='lat' dir='ltr'><strong>primum-&#39;‘afferam,</strong></span> <span class='ocrx_word' id='word_1_43' title='bbox 806 1077 931 1138; x_wconf 84' lang='lat' dir='ltr'><strong>minoris</strong></span> <span class='ocrx_word' id='word_1_44' title='bbox 962 1077 1105 1137; x_wconf 87' lang='lat' dir='ltr'><strong>momenti</strong></span> <span class='ocrx_word' id='word_1_45' title='bbox 1137 1081 1190 1136; x_wconf 82' lang='lat' dir='ltr'><strong>est</strong></span> <span class='ocrx_word' id='word_1_46' title='bbox 1235 1076 1344 1150; x_wconf 81' lang='lat' dir='ltr'><strong>Agitur</strong></span> 
     </span>
     <span class='ocr_line' id='line_1_8' title="bbox 271 1179 1344 1245; baseline -0.001 -6"><span class='ocrx_word' id='word_1_47' title='bbox 271 1181 350 1240; x_wconf 89' lang='lat' dir='ltr'><strong>enim</strong></span> <span class='ocrx_word' id='word_1_48' title='bbox 365 1181 402 1238; x_wconf 90' lang='lat' dir='ltr'><strong>de</strong></span> <span class='ocrx_word' id='word_1_49' title='bbox 419 1181 616 1241; x_wconf 86' lang='lat' dir='ltr'><strong>Parmenone.</strong></span> <span class='ocrx_word' id='word_1_50' title='bbox 661 1180 720 1245; x_wconf 79' lang='lat' dir='ltr'><strong>Qui</strong></span> <span class='ocrx_word' id='word_1_51' title='bbox 742 1181 779 1238; x_wconf 91' lang='lat' dir='ltr'><strong>in</strong></span> <span class='ocrx_word' id='word_1_52' title='bbox 802 1181 955 1240; x_wconf 79' lang='lat' dir='ltr'><strong>actual.</strong></span> <span class='ocrx_word' id='word_1_53' title='bbox 979 1199 1119 1240; x_wconf 79' lang='lat' dir='ltr'><strong>scaena</strong></span> <span class='ocrx_word' id='word_1_54' title='bbox 1141 1185 1168 1237; x_wconf 77' lang='lat'><strong>2.</strong></span> <span class='ocrx_word' id='word_1_55' title='bbox 1190 1179 1344 1238; x_wconf 89' lang='lat' dir='ltr'><strong>inducitur</strong></span> 
     </span>
     <span class='ocr_line' id='line_1_9' title="bbox 269 1264 1344 1362; baseline 0.004 -22"><span class='ocrx_word' id='word_1_56' title='bbox 269 1283 400 1343; x_wconf 85' lang='lat' dir='ltr'><strong>Scirtum</strong></span> <span class='ocrx_word' id='word_1_57' title='bbox 422 1264 541 1342; x_wconf 85' lang='lat' dir='ltr'><strong>servum</strong></span> <span class='ocrx_word' id='word_1_58' title='bbox 563 1281 607 1340; x_wconf 87' lang='lat' dir='ltr'><strong>ita</strong></span> <span class='ocrx_word' id='word_1_59' title='bbox 629 1300 819 1342; x_wconf 90' lang='lat' dir='ltr'><strong>commonens</strong></span> <span class='ocrx_word' id='word_1_60' title='bbox 831 1285 875 1362; x_wconf 87' lang='lat'><strong>¹):</strong></span> <span class='ocrx_word' id='word_1_61' title='bbox 1341 1277 1344 1284; x_wconf 70' lang='grc'><strong>’</strong></span> 
     </span>
    </p>

    <p class='ocr_par' dir='ltr' id='par_1_5' title="bbox 399 1383 1083 1462">
     <span class='ocr_line' id='line_1_10' title="bbox 399 1383 1083 1462; baseline -0.001 -17"><span class='ocrx_word' id='word_1_62' title='bbox 399 1385 507 1445; x_wconf 79' lang='lat' dir='ltr'><strong>‘Senex</strong></span> <span class='ocrx_word' id='word_1_63' title='bbox 529 1383 555 1442; x_wconf 92' lang='lat' dir='ltr'><strong>si</strong></span> <span class='ocrx_word' id='word_1_64' title='bbox 579 1389 702 1462; x_wconf 87' lang='lat' dir='ltr'><strong>quaeret</strong></span> <span class='ocrx_word' id='word_1_65' title='bbox 724 1403 779 1458; x_wconf 86' lang='lat' dir='ltr'><strong>ma,</strong></span> <span class='ocrx_word' id='word_1_66' title='bbox 802 1385 889 1445; x_wconf 93' lang='lat' dir='ltr'><strong>modo</strong></span> <span class='ocrx_word' id='word_1_67' title='bbox 910 1385 971 1446; x_wconf 85' lang='lat' dir='ltr'><strong>isse</strong></span> <span class='ocrx_word' id='word_1_68' title='bbox 992 1386 1083 1445; x_wconf 92' lang='lat' dir='ltr'><strong>dicito</strong></span> 
     </span>
    </p>

    <p class='ocr_par' dir='ltr' id='par_1_6' title="bbox 396 1485 1214 1870">
     <span class='ocr_line' id='line_1_11' title="bbox 397 1485 1214 1565; baseline -0.001 -19"><span class='ocrx_word' id='word_1_69' title='bbox 397 1488 446 1546; x_wconf 79' lang='lat' dir='ltr'><strong>Ad</strong></span> <span class='ocrx_word' id='word_1_70' title='bbox 468 1490 588 1562; x_wconf 87' lang='lat' dir='ltr'><strong>portum</strong></span> <span class='ocrx_word' id='word_1_71' title='bbox 610 1491 817 1565; x_wconf 88' lang='lat' dir='ltr'><strong>percontatum</strong></span> <span class='ocrx_word' id='word_1_72' title='bbox 839 1486 1000 1549; x_wconf 80' lang='lat' dir='ltr'><strong>adventum</strong></span> <span class='ocrx_word' id='word_1_73' title='bbox 1022 1485 1182 1565; x_wconf 84' lang='lat' dir='ltr'><strong>Pamphili.</strong></span> <span class='ocrx_word' id='word_1_74' title='bbox 1211 1547 1214 1553; x_wconf 76' lang='grc'><strong>,</strong></span> 
     </span>
     <span class='ocr_line' id='line_1_12' title="bbox 397 1587 1199 1671; baseline -0.002 -23"><span class='ocrx_word' id='word_1_75' title='bbox 397 1589 499 1648; x_wconf 81' lang='lat' dir='ltr'><strong>Audin</strong></span> <span class='ocrx_word' id='word_1_76' title='bbox 523 1588 594 1668; x_wconf 91' lang='lat' dir='ltr'><strong>quid</strong></span> <span class='ocrx_word' id='word_1_77' title='bbox 617 1587 721 1661; x_wconf 86' lang='lat' dir='ltr'><strong>dicam,</strong></span> <span class='ocrx_word' id='word_1_78' title='bbox 744 1588 858 1648; x_wconf 80' lang='lat' dir='ltr'><strong>Scirte?</strong></span> <span class='ocrx_word' id='word_1_79' title='bbox 881 1590 905 1648; x_wconf 83' lang='lat' dir='ltr'><strong>ai</strong></span> <span class='ocrx_word' id='word_1_80' title='bbox 930 1594 1053 1671; x_wconf 84' lang='lat' dir='ltr'><strong>quaeret</strong></span> <span class='ocrx_word' id='word_1_81' title='bbox 1075 1608 1131 1663; x_wconf 89' lang='lat' dir='ltr'><strong>me,</strong></span> <span class='ocrx_word' id='word_1_82' title='bbox 1153 1587 1199 1647; x_wconf 88' lang='lat' dir='ltr'><strong>uti</strong></span> 
     </span>
     <span class='ocr_line' id='line_1_13' title="bbox 396 1687 1144 1771; baseline 0 -21"><span class='ocrx_word' id='word_1_83' title='bbox 396 1693 472 1750; x_wconf 81' lang='lat' dir='ltr'><strong>Tum</strong></span> <span class='ocrx_word' id='word_1_84' title='bbox 493 1691 589 1750; x_wconf 85' lang='lat' dir='ltr'><strong>dicae:</strong></span> <span class='ocrx_word' id='word_1_85' title='bbox 612 1691 637 1750; x_wconf 92' lang='lat' dir='ltr'><strong>si</strong></span> <span class='ocrx_word' id='word_1_86' title='bbox 661 1711 721 1750; x_wconf 91' lang='lat' dir='ltr'><strong>non</strong></span> <span class='ocrx_word' id='word_1_87' title='bbox 745 1697 876 1771; x_wconf 81' lang='lat' dir='ltr'><strong>quaeret,</strong></span> <span class='ocrx_word' id='word_1_88' title='bbox 900 1692 999 1752; x_wconf 84' lang='lat' dir='ltr'><strong>nullus</strong></span> <span class='ocrx_word' id='word_1_89' title='bbox 1012 1687 1144 1763; x_wconf 85' lang='lat' dir='ltr'><strong>dixeris,</strong></span> 
     </span>
     <span class='ocr_line' id='line_1_14' title="bbox 396 1788 1083 1870; baseline 0.003 -18"><span class='ocrx_word' id='word_1_90' title='bbox 396 1794 481 1852; x_wconf 79' lang='lat' dir='ltr'><strong>Alias</strong></span> <span class='ocrx_word' id='word_1_91' title='bbox 503 1799 538 1852; x_wconf 90' lang='lat' dir='ltr'><strong>ut</strong></span> <span class='ocrx_word' id='word_1_92' title='bbox 559 1794 604 1852; x_wconf 89' lang='lat' dir='ltr'><strong>nti</strong></span> <span class='ocrx_word' id='word_1_93' title='bbox 625 1794 738 1870; x_wconf 86' lang='lat' dir='ltr'><strong>poesim</strong></span> <span class='ocrx_word' id='word_1_94' title='bbox 760 1812 847 1853; x_wconf 85' lang='lat' dir='ltr'><strong>causa</strong></span> <span class='ocrx_word' id='word_1_95' title='bbox 868 1796 925 1854; x_wconf 91' lang='lat' dir='ltr'><strong>hac</strong></span> <span class='ocrx_word' id='word_1_96' title='bbox 947 1788 1083 1868; x_wconf 71' lang='lat' dir='ltr'><strong>integra!</strong></span> 
     </span>
    </p>

    <p class='ocr_par' dir='ltr' id='par_1_7' title="bbox 268 1893 1341 2177">
     <span class='ocr_line' id='line_1_15' title="bbox 353 1893 1341 1975; baseline -0.004 -20"><span class='ocrx_word' id='word_1_97' title='bbox 353 1901 490 1974; x_wconf 83' lang='lat' dir='ltr'><strong>Apparet</strong></span> <span class='ocrx_word' id='word_1_98' title='bbox 502 1895 599 1971; x_wconf 90' lang='lat' dir='ltr'><strong>igitur</strong></span> <span class='ocrx_word' id='word_1_99' title='bbox 613 1916 651 1956; x_wconf 85' lang='lat' dir='ltr'><strong>ex</strong></span> <span class='ocrx_word' id='word_1_100' title='bbox 665 1897 723 1954; x_wconf 93' lang='lat' dir='ltr'><strong>hoc</strong></span> <span class='ocrx_word' id='word_1_101' title='bbox 737 1895 813 1970; x_wconf 93' lang='lat' dir='ltr'><strong>loco,</strong></span> <span class='ocrx_word' id='word_1_102' title='bbox 836 1917 908 1956; x_wconf 91' lang='lat' dir='ltr'><strong>non</strong></span> <span class='ocrx_word' id='word_1_103' title='bbox 931 1898 969 1956; x_wconf 91' lang='lat' dir='ltr'><strong>ad</strong></span> <span class='ocrx_word' id='word_1_104' title='bbox 991 1902 1111 1975; x_wconf 86' lang='lat' dir='ltr'><strong>portum</strong></span> <span class='ocrx_word' id='word_1_105' title='bbox 1132 1897 1245 1956; x_wconf 88' lang='lat' dir='ltr'><strong>iturum</strong></span> <span class='ocrx_word' id='word_1_106' title='bbox 1268 1893 1341 1952; x_wconf 88' lang='lat' dir='ltr'><strong>Par·</strong></span> 
     </span>
     <span class='ocr_line' id='line_1_16' title="bbox 268 1997 1341 2078; baseline -0.003 -20"><span class='ocrx_word' id='word_1_107' title='bbox 268 2018 435 2076; x_wconf 80' lang='lat' dir='ltr'><strong>menqnem,</strong></span> <span class='ocrx_word' id='word_1_108' title='bbox 458 1999 509 2057; x_wconf 90' lang='lat' dir='ltr'><strong>sed</strong></span> <span class='ocrx_word' id='word_1_109' title='bbox 526 1999 607 2058; x_wconf 81' lang='lat' dir='ltr'><strong>aliud</strong></span> <span class='ocrx_word' id='word_1_110' title='bbox 623 1998 762 2078; x_wconf 85' lang='lat' dir='ltr'><strong>quiddam</strong></span> <span class='ocrx_word' id='word_1_111' title='bbox 778 1999 811 2057; x_wconf 90' lang='lat' dir='ltr'><strong>in</strong></span> <span class='ocrx_word' id='word_1_112' title='bbox 829 2003 929 2058; x_wconf 87' lang='lat' dir='ltr'><strong>mente</strong></span> <span class='ocrx_word' id='word_1_113' title='bbox 951 2001 1063 2058; x_wconf 87' lang='lat' dir='ltr'><strong>habere</strong></span> <span class='ocrx_word' id='word_1_114' title='bbox 1085 1998 1172 2058; x_wconf 86' lang='lat' dir='ltr'><strong>nobis</strong></span> <span class='ocrx_word' id='word_1_115' title='bbox 1193 1997 1341 2072; x_wconf 87' lang='lat' dir='ltr'><strong>ignotum.</strong></span> 
     </span>
     <span class='ocr_line' id='line_1_17' title="bbox 268 2100 1136 2177; baseline 0 -18"><span class='ocrx_word' id='word_1_116' title='bbox 268 2101 317 2160; x_wconf 83' lang='lat' dir='ltr'><strong>Sic</strong></span> <span class='ocrx_word' id='word_1_117' title='bbox 338 2102 372 2160; x_wconf 92' lang='lat' dir='ltr'><strong>in</strong></span> <span class='ocrx_word' id='word_1_118' title='bbox 394 2107 530 2162; x_wconf 84' lang='lat' dir='ltr'><strong>extrema</strong></span> <span class='ocrx_word' id='word_1_119' title='bbox 552 2101 698 2177; x_wconf 76' lang='lat' dir='ltr'><strong>sceena²)</strong></span> <span class='ocrx_word' id='word_1_120' title='bbox 721 2101 773 2160; x_wconf 90' lang='lat' dir='ltr'><strong>ubi</strong></span> <span class='ocrx_word' id='word_1_121' title='bbox 796 2101 923 2161; x_wconf 90' lang='lat' dir='ltr'><strong>discedit</strong></span> <span class='ocrx_word' id='word_1_122' title='bbox 944 2121 962 2160; x_wconf 87' lang='lat' dir='ltr'><strong>a</strong></span> <span class='ocrx_word' id='word_1_123' title='bbox 983 2100 1136 2160; x_wconf 91' lang='lat' dir='ltr'><strong>Philotide</strong></span> 
     </span>
    </p>

    <p class='ocr_par' dir='ltr' id='par_1_8' title="bbox 496 2199 1093 2282">
     <span class='ocr_line' id='line_1_18' title="bbox 496 2199 1093 2282; baseline 0.002 -20"><span class='ocrx_word' id='word_1_124' title='bbox 496 2199 643 2279; x_wconf 74' lang='lat' dir='ltr'><strong>pergam’,</strong></span> <span class='ocrx_word' id='word_1_125' title='bbox 665 2203 716 2277; x_wconf 84' lang='lat' dir='ltr'><strong>ait,</strong></span> <span class='ocrx_word' id='word_1_126' title='bbox 739 2206 807 2282; x_wconf 91' lang='lat' dir='ltr'><strong>‘quo</strong></span> <span class='ocrx_word' id='word_1_127' title='bbox 831 2204 914 2282; x_wconf 89' lang='lat' dir='ltr'><strong>coepi</strong></span> <span class='ocrx_word' id='word_1_128' title='bbox 937 2205 995 2263; x_wconf 91' lang='lat' dir='ltr'><strong>hoc</strong></span> <span class='ocrx_word' id='word_1_129' title='bbox 1016 2201 1093 2263; x_wconf 87' lang='lat' dir='ltr'><strong>iter’.</strong></span> 
     </span>
    </p>
   </div>
   <div class='ocr_carea' id='block_1_3' title="bbox 270 2303 1340 2384">
    <p class='ocr_par' dir='ltr' id='par_1_9' title="bbox 270 2303 1340 2384">
     <span class='ocr_line' id='line_1_19' title="bbox 270 2303 1340 2384; baseline -0.001 -22"><span class='ocrx_word' id='word_1_130' title='bbox 270 2307 310 2365; x_wconf 78' lang='lat' dir='ltr'><strong>At</strong></span> <span class='ocrx_word' id='word_1_131' title='bbox 330 2325 402 2367; x_wconf 79' lang='lat' dir='ltr'><strong>vero</strong></span> <span class='ocrx_word' id='word_1_132' title='bbox 432 2310 537 2384; x_wconf 85' lang='lat' dir='ltr'><strong>postea</strong></span> <span class='ocrx_word' id='word_1_133' title='bbox 546 2305 575 2384; x_wconf 80' lang='lat'><strong>⁸)</strong></span> <span class='ocrx_word' id='word_1_134' title='bbox 603 2324 621 2363; x_wconf 89' lang='lat' dir='ltr'><strong>a</strong></span> <span class='ocrx_word' id='word_1_135' title='bbox 641 2310 732 2382; x_wconf 88' lang='lat' dir='ltr'><strong>portu</strong></span> <span class='ocrx_word' id='word_1_136' title='bbox 753 2305 879 2364; x_wconf 82' lang='lat' dir='ltr'><strong>veniens</strong></span> <span class='ocrx_word' id='word_1_137' title='bbox 908 2325 969 2364; x_wconf 88' lang='lat' dir='ltr'><strong>una</strong></span> <span class='ocrx_word' id='word_1_138' title='bbox 991 2325 1058 2364; x_wconf 87' lang='lat' dir='ltr'><strong>cum</strong></span> <span class='ocrx_word' id='word_1_139' title='bbox 1079 2303 1237 2381; x_wconf 87' lang='lat' dir='ltr'><strong>Pamphilo</strong></span> <span class='ocrx_word' id='word_1_140' title='bbox 1260 2321 1340 2361; x_wconf 86' lang='lat' dir='ltr'><strong>scae-</strong></span> 
     </span>
    </p>
   </div>
   <div class='ocr_carea' id='block_1_4' title="bbox 267 2405 1340 3004">
    <p class='ocr_par' dir='ltr' id='par_1_10' title="bbox 267 2405 1340 3004">
     <span class='ocr_line' id='line_1_20' title="bbox 269 2405 1340 2485; baseline -0.003 -20"><span class='ocrx_word' id='word_1_141' title='bbox 269 2426 337 2466; x_wconf 85' lang='lat' dir='ltr'><strong>nam</strong></span> <span class='ocrx_word' id='word_1_142' title='bbox 355 2407 532 2483; x_wconf 77' lang='lat' dir='ltr'><strong>ingreditur,</strong></span> <span class='ocrx_word' id='word_1_143' title='bbox 554 2428 609 2468; x_wconf 89' lang='lat' dir='ltr'><strong>nec</strong></span> <span class='ocrx_word' id='word_1_144' title='bbox 632 2413 731 2468; x_wconf 87' lang='lat' dir='ltr'><strong>tamen</strong></span> <span class='ocrx_word' id='word_1_145' title='bbox 754 2429 814 2468; x_wconf 92' lang='lat' dir='ltr'><strong>uno</strong></span> <span class='ocrx_word' id='word_1_146' title='bbox 830 2411 922 2469; x_wconf 82' lang='lat' dir='ltr'><strong>verbo</strong></span> <span class='ocrx_word' id='word_1_147' title='bbox 941 2424 1010 2466; x_wconf 85' lang='lat' dir='ltr'><strong>casu</strong></span> <span class='ocrx_word' id='word_1_148' title='bbox 1025 2406 1216 2485; x_wconf 90' lang='lat' dir='ltr'><strong>Pamphilum</strong></span> <span class='ocrx_word' id='word_1_149' title='bbox 1231 2405 1259 2464; x_wconf 91' lang='lat' dir='ltr'><strong>ei</strong></span> <span class='ocrx_word' id='word_1_150' title='bbox 1276 2424 1340 2463; x_wconf 91' lang='lat' dir='ltr'><strong>esse</strong></span> 
     </span>
     <span class='ocr_line' id='line_1_21' title="bbox 268 2494 1340 2589; baseline 0 -23"><span class='ocrx_word' id='word_1_151' title='bbox 268 2494 400 2569; x_wconf 85' lang='lat' dir='ltr'><strong>oblatum</strong></span> <span class='ocrx_word' id='word_1_152' title='bbox 423 2511 598 2570; x_wconf 89' lang='lat' dir='ltr'><strong>edocemur:</strong></span> <span class='ocrx_word' id='word_1_153' title='bbox 627 2509 719 2570; x_wconf 91' lang='lat' dir='ltr'><strong>immo</strong></span> <span class='ocrx_word' id='word_1_154' title='bbox 742 2512 899 2588; x_wconf 87' lang='lat' dir='ltr'><strong>adipsum</strong></span> <span class='ocrx_word' id='word_1_155' title='bbox 921 2517 1056 2589; x_wconf 88' lang='lat' dir='ltr'><strong>portum,</strong></span> <span class='ocrx_word' id='word_1_156' title='bbox 1086 2511 1138 2569; x_wconf 88' lang='lat' dir='ltr'><strong>ubi</strong></span> <span class='ocrx_word' id='word_1_157' title='bbox 1160 2510 1267 2568; x_wconf 90' lang='lat' dir='ltr'><strong>herum</strong></span> <span class='ocrx_word' id='word_1_158' title='bbox 1289 2528 1340 2566; x_wconf 87' lang='lat' dir='ltr'><strong>ex-</strong></span> 
     </span>
     <span class='ocr_line' id='line_1_22' title="bbox 267 2609 1340 2689; baseline -0.001 -20"><span class='ocrx_word' id='word_1_159' title='bbox 267 2610 394 2689; x_wconf 80' lang='lat' dir='ltr'><strong>ciperet,</strong></span> <span class='ocrx_word' id='word_1_160' title='bbox 426 2614 583 2688; x_wconf 85' lang='lat' dir='ltr'><strong>degressus</strong></span> <span class='ocrx_word' id='word_1_161' title='bbox 608 2632 673 2672; x_wconf 86' lang='lat' dir='ltr'><strong>esse</strong></span> <span class='ocrx_word' id='word_1_162' title='bbox 700 2612 827 2674; x_wconf 79' lang='lat' dir='ltr'><strong>videtur.</strong></span> <span class='ocrx_word' id='word_1_163' title='bbox 874 2615 939 2680; x_wconf 81' lang='lat' dir='ltr'><strong>Quo</strong></span> <span class='ocrx_word' id='word_1_164' title='bbox 963 2614 1083 2674; x_wconf 89' lang='lat' dir='ltr'><strong>tandem</strong></span> <span class='ocrx_word' id='word_1_165' title='bbox 1105 2631 1172 2672; x_wconf 90' lang='lat' dir='ltr'><strong>oum</strong></span> <span class='ocrx_word' id='word_1_166' title='bbox 1194 2609 1340 2670; x_wconf 90' lang='lat' dir='ltr'><strong>Philotidi</strong></span> 
     </span>
     <span class='ocr_line' id='line_1_23' title="bbox 268 2712 1339 2794; baseline 0.001 -23"><span class='ocrx_word' id='word_1_167' title='bbox 268 2715 443 2775; x_wconf 87' lang='lat' dir='ltr'><strong>occurrebat</strong></span> <span class='ocrx_word' id='word_1_168' title='bbox 464 2715 509 2774; x_wconf 89' lang='lat' dir='ltr'><strong>ire</strong></span> <span class='ocrx_word' id='word_1_169' title='bbox 531 2715 648 2778; x_wconf 84' lang='lat' dir='ltr'><strong>voluit?</strong></span> <span class='ocrx_word' id='word_1_170' title='bbox 691 2718 777 2775; x_wconf 89' lang='lat' dir='ltr'><strong>Itane</strong></span> <span class='ocrx_word' id='word_1_171' title='bbox 793 2722 858 2776; x_wconf 86' lang='lat' dir='ltr'><strong>erat</strong></span> <span class='ocrx_word' id='word_1_172' title='bbox 873 2717 996 2777; x_wconf 85' lang='lat' dir='ltr'><strong>difficile</strong></span> <span class='ocrx_word' id='word_1_173' title='bbox 1010 2721 1117 2793; x_wconf 88' lang='lat' dir='ltr'><strong>poetae</strong></span> <span class='ocrx_word' id='word_1_174' title='bbox 1132 2714 1245 2794; x_wconf 89' lang='lat' dir='ltr'><strong>aliquid</strong></span> <span class='ocrx_word' id='word_1_175' title='bbox 1262 2712 1339 2773; x_wconf 87' lang='lat' dir='ltr'><strong>eins-</strong></span> 
     </span>
     <span class='ocr_line' id='line_1_24' title="bbox 267 2817 1339 2894; baseline 0.005 -21"><span class='ocrx_word' id='word_1_176' title='bbox 267 2817 346 2875; x_wconf 90' lang='lat' dir='ltr'><strong>modi</strong></span> <span class='ocrx_word' id='word_1_177' title='bbox 370 2817 560 2893; x_wconf 87' lang='lat' dir='ltr'><strong>excogitare?</strong></span> <span class='ocrx_word' id='word_1_178' title='bbox 604 2819 730 2879; x_wconf 85' lang='lat' dir='ltr'><strong>Minime</strong></span> <span class='ocrx_word' id='word_1_179' title='bbox 745 2839 827 2878; x_wconf 82' lang='lat' dir='ltr'><strong>vero.</strong></span> <span class='ocrx_word' id='word_1_180' title='bbox 873 2819 951 2886; x_wconf 76' lang='lat' dir='ltr'><strong>Quid</strong></span> <span class='ocrx_word' id='word_1_181' title='bbox 974 2819 1067 2894; x_wconf 89' lang='lat' dir='ltr'><strong>igitur</strong></span> <span class='ocrx_word' id='word_1_182' title='bbox 1088 2820 1181 2880; x_wconf 82' lang='lat' dir='ltr'><strong>verba</strong></span> <span class='ocrx_word' id='word_1_183' title='bbox 1203 2824 1264 2878; x_wconf 84' lang='lat' dir='ltr'><strong>tam</strong></span> <span class='ocrx_word' id='word_1_184' title='bbox 1287 2819 1339 2878; x_wconf 91' lang='lat' dir='ltr'><strong>ob·</strong></span> 
     </span>
     <span class='ocr_line' id='line_1_25' title="bbox 267 2919 1339 3004; baseline 0.003 -26"><span class='ocrx_word' id='word_1_185' title='bbox 267 2938 354 2980; x_wconf 86' lang='lat' dir='ltr'><strong>scura</strong></span> <span class='ocrx_word' id='word_1_186' title='bbox 383 2925 474 3000; x_wconf 87' lang='lat' dir='ltr'><strong>atque</strong></span> <span class='ocrx_word' id='word_1_187' title='bbox 502 2921 618 2981; x_wconf 90' lang='lat' dir='ltr'><strong>incerta</strong></span> <span class='ocrx_word' id='word_1_188' title='bbox 645 2919 736 2981; x_wconf 84' lang='lat' dir='ltr'><strong>facit?</strong></span> <span class='ocrx_word' id='word_1_189' title='bbox 781 2927 828 2981; x_wconf 88' lang='lat' dir='ltr'><strong>An</strong></span> <span class='ocrx_word' id='word_1_190' title='bbox 853 2923 926 2981; x_wconf 84' lang='lat' dir='ltr'><strong>adeo</strong></span> <span class='ocrx_word' id='word_1_191' title='bbox 947 2924 1006 2983; x_wconf 91' lang='lat' dir='ltr'><strong>hoc</strong></span> <span class='ocrx_word' id='word_1_192' title='bbox 1028 2941 1116 2982; x_wconf 85' lang='lat' dir='ltr'><strong>curae</strong></span> <span class='ocrx_word' id='word_1_193' title='bbox 1138 2931 1203 2983; x_wconf 86' lang='lat' dir='ltr'><strong>erat</strong></span> <span class='ocrx_word' id='word_1_194' title='bbox 1224 2928 1339 3004; x_wconf 86' lang='lat' dir='ltr'><strong>poetae,</strong></span> 
     </span>
    </p>
   </div>
   <div class='ocr_carea' id='block_1_5' title="bbox 169 3023 1339 3105">
    <p class='ocr_par' dir='ltr' id='par_1_11' title="bbox 169 3023 1339 3105">
     <span class='ocr_line' id='line_1_26' title="bbox 169 3023 1339 3105; baseline -0.002 -21"><span class='ocrx_word' id='word_1_195' title='bbox 169 3045 170 3048; x_wconf 45' lang='lat'>¹</span> <span class='ocrx_word' id='word_1_196' title='bbox 205 3033 210 3048; x_wconf 92' lang='lat'><strong><em>‘</em></strong></span> <span class='ocrx_word' id='word_1_197' title='bbox 267 3042 326 3102; x_wconf 90' lang='lat' dir='ltr'><strong>quo</strong></span> <span class='ocrx_word' id='word_1_198' title='bbox 349 3029 437 3101; x_wconf 87' lang='lat' dir='ltr'><strong>pacto</strong></span> <span class='ocrx_word' id='word_1_199' title='bbox 453 3024 671 3083; x_wconf 85' lang='lat' dir='ltr'><strong>Parmenonem</strong></span> <span class='ocrx_word' id='word_1_200' title='bbox 692 3023 781 3084; x_wconf 90' lang='lat' dir='ltr'><strong>initio</strong></span> <span class='ocrx_word' id='word_1_201' title='bbox 801 3023 975 3085; x_wconf 86' lang='lat' dir='ltr'><strong>induceret?</strong></span> <span class='ocrx_word' id='word_1_202' title='bbox 1006 3026 1052 3084; x_wconf 82' lang='lat' dir='ltr'><strong>Ne</strong></span> <span class='ocrx_word' id='word_1_203' title='bbox 1067 3025 1111 3084; x_wconf 90' lang='lat' dir='ltr'><strong>ita</strong></span> <span class='ocrx_word' id='word_1_204' title='bbox 1127 3026 1246 3105; x_wconf 88' lang='lat' dir='ltr'><strong>quidem</strong></span> <span class='ocrx_word' id='word_1_205' title='bbox 1262 3025 1339 3085; x_wconf 89' lang='lat' dir='ltr'><strong>iudi-</strong></span> 
     </span>
    </p>
   </div>
   <div class='ocr_carea' id='block_1_6' title="bbox 264 3126 1339 3916">
    <p class='ocr_par' dir='ltr' id='par_1_12' title="bbox 265 3126 1339 3511">
     <span class='ocr_line' id='line_1_27' title="bbox 266 3126 1338 3206; baseline 0.005 -23"><span class='ocrx_word' id='word_1_206' title='bbox 266 3126 394 3186; x_wconf 87' lang='lat' dir='ltr'><strong>candum</strong></span> <span class='ocrx_word' id='word_1_207' title='bbox 416 3126 551 3200; x_wconf 78' lang='lat' dir='ltr'><strong>videtur,</strong></span> <span class='ocrx_word' id='word_1_208' title='bbox 585 3126 655 3206; x_wconf 90' lang='lat' dir='ltr'><strong>quia</strong></span> <span class='ocrx_word' id='word_1_209' title='bbox 685 3127 764 3206; x_wconf 89' lang='lat' dir='ltr'><strong>quod</strong></span> <span class='ocrx_word' id='word_1_210' title='bbox 794 3128 833 3186; x_wconf 91' lang='lat' dir='ltr'><strong>sit</strong></span> <span class='ocrx_word' id='word_1_211' title='bbox 861 3127 979 3187; x_wconf 80' lang='lat' dir='ltr'><strong>facilius</strong></span> <span class='ocrx_word' id='word_1_212' title='bbox 1009 3127 1134 3202; x_wconf 87' lang='lat' dir='ltr'><strong>cogitari</strong></span> <span class='ocrx_word' id='word_1_213' title='bbox 1156 3129 1209 3190; x_wconf 80' lang='lat' dir='ltr'><strong>vix</strong></span> <span class='ocrx_word' id='word_1_214' title='bbox 1231 3133 1338 3205; x_wconf 77' lang='lat' dir='ltr'><strong>potest</strong></span> 
     </span>
     <span class='ocr_line' id='line_1_28' title="bbox 267 3229 1339 3309; baseline 0.002 -23"><span class='ocrx_word' id='word_1_215' title='bbox 267 3230 372 3309; x_wconf 85' lang='lat' dir='ltr'><strong>Itaque</strong></span> <span class='ocrx_word' id='word_1_216' title='bbox 402 3247 479 3309; x_wconf 87' lang='lat' dir='ltr'><strong>quae</strong></span> <span class='ocrx_word' id='word_1_217' title='bbox 505 3229 595 3288; x_wconf 89' lang='lat' dir='ltr'><strong>huius</strong></span> <span class='ocrx_word' id='word_1_218' title='bbox 622 3229 666 3288; x_wconf 88' lang='lat' dir='ltr'><strong>rei</strong></span> <span class='ocrx_word' id='word_1_219' title='bbox 693 3243 781 3288; x_wconf 84' lang='lat' dir='ltr'><strong>causa</strong></span> <span class='ocrx_word' id='word_1_220' title='bbox 807 3229 847 3288; x_wconf 89' lang='lat' dir='ltr'><strong>sit</strong></span> <span class='ocrx_word' id='word_1_221' title='bbox 871 3249 932 3289; x_wconf 89' lang='lat' dir='ltr'><strong>non</strong></span> <span class='ocrx_word' id='word_1_222' title='bbox 955 3233 1086 3289; x_wconf 88' lang='lat' dir='ltr'><strong>constat:</strong></span> <span class='ocrx_word' id='word_1_223' title='bbox 1116 3234 1233 3288; x_wconf 83' lang='lat' dir='ltr'><strong>constat</strong></span> <span class='ocrx_word' id='word_1_224' title='bbox 1257 3248 1339 3302; x_wconf 84' lang='lat' dir='ltr'><strong>vero,</strong></span> 
     </span>
     <span class='ocr_line' id='line_1_29' title="bbox 266 3331 1338 3413; baseline 0.001 -23"><span class='ocrx_word' id='word_1_225' title='bbox 266 3332 484 3392; x_wconf 88' lang='lat' dir='ltr'><strong>Parmenonem</strong></span> <span class='ocrx_word' id='word_1_226' title='bbox 506 3351 524 3390; x_wconf 87' lang='lat' dir='ltr'><strong>a</strong></span> <span class='ocrx_word' id='word_1_227' title='bbox 544 3333 684 3392; x_wconf 78' lang='lat' dir='ltr'><strong>Terentio</strong></span> <span class='ocrx_word' id='word_1_228' title='bbox 698 3332 807 3390; x_wconf 70' lang='lat' dir='ltr'><strong>rinduci</strong></span> <span class='ocrx_word' id='word_1_229' title='bbox 831 3331 945 3413; x_wconf 83' lang='lat' dir='ltr'><strong>aliquid</strong></span> <span class='ocrx_word' id='word_1_230' title='bbox 967 3332 1148 3406; x_wconf 88' lang='lat' dir='ltr'><strong>molientem,</strong></span> <span class='ocrx_word' id='word_1_231' title='bbox 1172 3332 1251 3412; x_wconf 91' lang='lat' dir='ltr'><strong>quod</strong></span> <span class='ocrx_word' id='word_1_232' title='bbox 1272 3331 1338 3409; x_wconf 86' lang='lat' dir='ltr'><strong>ipse</strong></span> 
     </span>
     <span class='ocr_line' id='line_1_30' title="bbox 265 3434 831 3511; baseline 0 -19"><span class='ocrx_word' id='word_1_233' title='bbox 265 3440 354 3511; x_wconf 88' lang='lat' dir='ltr'><strong>poeta</strong></span> <span class='ocrx_word' id='word_1_234' title='bbox 375 3438 479 3511; x_wconf 85' lang='lat' dir='ltr'><strong>postea</strong></span> <span class='ocrx_word' id='word_1_235' title='bbox 501 3435 621 3494; x_wconf 91' lang='lat' dir='ltr'><strong>omnino</strong></span> <span class='ocrx_word' id='word_1_236' title='bbox 645 3434 755 3494; x_wconf 79' lang='lat' dir='ltr'><strong>oblitus</strong></span> <span class='ocrx_word' id='word_1_237' title='bbox 777 3440 831 3494; x_wconf 81' lang='lat' dir='ltr'><strong>eat.</strong></span> 
     </span>
    </p>

    <p class='ocr_par' dir='ltr' id='par_1_13' title="bbox 264 3536 1338 3916">
     <span class='ocr_line' id='line_1_31' title="bbox 350 3536 1338 3620; baseline 0.003 -24"><span class='ocrx_word' id='word_1_238' title='bbox 350 3539 431 3598; x_wconf 82' lang='lat' dir='ltr'><strong>Leve</strong></span> <span class='ocrx_word' id='word_1_239' title='bbox 457 3541 503 3596; x_wconf 86' lang='lat' dir='ltr'><strong>est</strong></span> <span class='ocrx_word' id='word_1_240' title='bbox 528 3538 606 3616; x_wconf 89' lang='lat' dir='ltr'><strong>quod</strong></span> <span class='ocrx_word' id='word_1_241' title='bbox 630 3538 717 3596; x_wconf 91' lang='lat' dir='ltr'><strong>modo</strong></span> <span class='ocrx_word' id='word_1_242' title='bbox 741 3536 910 3612; x_wconf 80' lang='lat' dir='ltr'><strong>tetigimus:</strong></span> <span class='ocrx_word' id='word_1_243' title='bbox 944 3539 1024 3618; x_wconf 91' lang='lat' dir='ltr'><strong>quod</strong></span> <span class='ocrx_word' id='word_1_244' title='bbox 1054 3538 1190 3620; x_wconf 84' lang='lat' dir='ltr'><strong>sequitur</strong></span> <span class='ocrx_word' id='word_1_245' title='bbox 1217 3538 1338 3599; x_wconf 87' lang='lat' dir='ltr'><strong>maioris</strong></span> 
     </span>
     <span class='ocr_line' id='line_1_32' title="bbox 264 3638 1338 3722; baseline 0.002 -24"><span class='ocrx_word' id='word_1_246' title='bbox 264 3640 409 3699; x_wconf 90' lang='lat' dir='ltr'><strong>momenti</strong></span> <span class='ocrx_word' id='word_1_247' title='bbox 432 3638 560 3700; x_wconf 82' lang='lat' dir='ltr'><strong>videtur.</strong></span> <span class='ocrx_word' id='word_1_248' title='bbox 604 3640 751 3698; x_wconf 87' lang='lat' dir='ltr'><strong>Parmeno</strong></span> <span class='ocrx_word' id='word_1_249' title='bbox 775 3641 855 3698; x_wconf 89' lang='lat' dir='ltr'><strong>enim</strong></span> <span class='ocrx_word' id='word_1_250' title='bbox 877 3640 928 3699; x_wconf 91' lang='lat' dir='ltr'><strong>ubi</strong></span> <span class='ocrx_word' id='word_1_251' title='bbox 953 3660 1018 3700; x_wconf 87' lang='lat' dir='ltr'><strong>cum</strong></span> <span class='ocrx_word' id='word_1_252' title='bbox 1035 3640 1186 3701; x_wconf 91' lang='lat' dir='ltr'><strong>Philotide</strong></span> <span class='ocrx_word' id='word_1_253' title='bbox 1209 3643 1280 3722; x_wconf 92' lang='lat' dir='ltr'><strong>quid</strong></span> <span class='ocrx_word' id='word_1_254' title='bbox 1303 3662 1338 3702; x_wconf 89' lang='lat' dir='ltr'><strong>ea</strong></span> 
     </span>
     <span class='ocr_line' id='line_1_33' title="bbox 265 3741 1338 3826; baseline 0.003 -24"><span class='ocrx_word' id='word_1_255' title='bbox 265 3744 388 3802; x_wconf 86' lang='lat' dir='ltr'><strong>absente</strong></span> <span class='ocrx_word' id='word_1_256' title='bbox 409 3741 521 3800; x_wconf 83' lang='lat' dir='ltr'><strong>factum</strong></span> <span class='ocrx_word' id='word_1_257' title='bbox 544 3741 584 3801; x_wconf 86' lang='lat' dir='ltr'><strong>eit</strong></span> <span class='ocrx_word' id='word_1_258' title='bbox 606 3742 817 3815; x_wconf 90' lang='lat' dir='ltr'><strong>communicat,</strong></span> <span class='ocrx_word' id='word_1_259' title='bbox 847 3742 997 3818; x_wconf 87' lang='lat' dir='ltr'><strong>Pamphili</strong></span> <span class='ocrx_word' id='word_1_260' title='bbox 1020 3741 1165 3820; x_wconf 87' lang='lat' dir='ltr'><strong>animum,</strong></span> <span class='ocrx_word' id='word_1_261' title='bbox 1197 3746 1338 3826; x_wconf 91' lang='lat' dir='ltr'><strong>quamdiu</strong></span> 
     </span>
     <span class='ocr_line' id='line_1_34' title="bbox 265 3843 1252 3916; baseline 0.004 -13"><span class='ocrx_word' id='word_1_262' title='bbox 265 3846 302 3904; x_wconf 86' lang='lat' dir='ltr'><strong>ab</strong></span> <span class='ocrx_word' id='word_1_263' title='bbox 324 3861 419 3903; x_wconf 84' lang='lat' dir='ltr'><strong>uxore</strong></span> <span class='ocrx_word' id='word_1_264' title='bbox 441 3843 556 3902; x_wconf 87' lang='lat' dir='ltr'><strong>alienus</strong></span> <span class='ocrx_word' id='word_1_265' title='bbox 577 3844 677 3916; x_wconf 73' lang='lat' dir='ltr'><strong>hierit,</strong></span> <span class='ocrx_word' id='word_1_266' title='bbox 700 3844 842 3903; x_wconf 89' lang='lat' dir='ltr'><strong>Bacchidi</strong></span> <span class='ocrx_word' id='word_1_267' title='bbox 864 3845 999 3904; x_wconf 88' lang='lat' dir='ltr'><strong>deditum</strong></span> <span class='ocrx_word' id='word_1_268' title='bbox 1020 3844 1113 3904; x_wconf 79' lang='lat' dir='ltr'><strong>fuisse</strong></span> <span class='ocrx_word' id='word_1_269' title='bbox 1135 3852 1252 3908; x_wconf 89' lang='lat' dir='ltr'><strong>narrat:</strong></span> 
     </span>
    </p>
   </div>
   <div class='ocr_carea' id='block_1_7' title="bbox 334 4082 1011 4233">
    <p class='ocr_par' dir='ltr' id='par_1_14' title="bbox 334 4082 1011 4233">
     <span class='ocr_line' id='line_1_35' title="bbox 335 4082 1011 4151; baseline -0.001 -17"><span class='ocrx_word' id='word_1_270' title='bbox 335 4085 361 4151; x_wconf 88' lang='lat'><strong>1)</strong></span> <span class='ocrx_word' id='word_1_271' title='bbox 378 4101 416 4134; x_wconf 82' lang='lat' dir='ltr'><strong>vs.</strong></span> <span class='ocrx_word' id='word_1_272' title='bbox 436 4086 509 4132; x_wconf 76' lang='lat'><strong>1-5.</strong></span> <span class='ocrx_word' id='word_1_273' title='bbox 870 4082 897 4148; x_wconf 72' lang='lat' dir='ltr'><strong>P)</strong></span> <span class='ocrx_word' id='word_1_274' title='bbox 915 4100 939 4133; x_wconf 84' lang='lat' dir='ltr'><strong>v.</strong></span> <span class='ocrx_word' id='word_1_275' title='bbox 954 4087 1011 4135; x_wconf 80' lang='lat'>119.</span> 
     </span>
     <span class='ocr_line' id='line_1_36' title="bbox 334 4167 465 4233; baseline -0.031 -13"><span class='ocrx_word' id='word_1_276' title='bbox 334 4167 360 4233; x_wconf 75' lang='grc'><strong>8)</strong></span> <span class='ocrx_word' id='word_1_277' title='bbox 378 4171 423 4231; x_wconf 88' lang='grc' dir='ltr'><strong>ΙΠ,</strong></span> <span class='ocrx_word' id='word_1_278' title='bbox 442 4173 465 4218; x_wconf 91' lang='grc'><strong>1.</strong></span> 
     </span>
    </p>
   </div>
   <div class='ocr_carea' id='block_1_8' title="bbox 0 0 1638 4772">
    <p class='ocr_par' dir='ltr' id='par_1_15' title="bbox 0 0 1638 4772">
     <span class='ocr_line' id='line_1_37' title="bbox 0 0 1638 4772; baseline 0 1"><span class='ocrx_word' id='word_1_279' title='bbox 0 0 1638 4772; x_wconf 95' lang='lat' dir='ltr'><strong> </strong></span> 
     </span>
    </p>
   </div>
  </div>
 </body>
</html>
