<?xml version="1.0" encoding="UTF-8"?>
<!DOCTYPE html PUBLIC "-//W3C//DTD XHTML 1.0 Transitional//EN"
    "http://www.w3.org/TR/xhtml1/DTD/xhtml1-transitional.dtd">
<html xmlns="http://www.w3.org/1999/xhtml" xml:lang="en" lang="en">
 <head>
  <title>
</title>
<meta http-equiv="Content-Type" content="text/html;charset=utf-8" />
  <meta name='ocr-system' content='tesseract 3.04.00' />
  <meta name='ocr-capabilities' content='ocr_page ocr_carea ocr_par ocr_line ocrx_word'/>
</head>
<body>
  <div class='ocr_page' id='page_1' title='image "./dehecyraeterent00hildgoog_0010.png"; bbox 0 0 3266 4772; ppageno 0'>
   <div class='ocr_carea' id='block_1_1' title="bbox 375 1203 1102 1295">
    <p class='ocr_par' dir='ltr' id='par_1_1' title="bbox 375 1203 1102 1295">
     <span class='ocr_line' id='line_1_1' title="bbox 375 1203 1102 1295; baseline 0.003 -21"><span class='ocrx_word' id='word_1_1' title='bbox 375 1205 432 1274; x_wconf 82' lang='lat' dir='ltr'><strong>De</strong></span> <span class='ocrx_word' id='word_1_2' title='bbox 457 1203 637 1294; x_wconf 79' lang='lat' dir='ltr'><strong>Hecyrae</strong></span> <span class='ocrx_word' id='word_1_3' title='bbox 664 1203 919 1276; x_wconf 67' lang='lat' dir='ltr'><strong>Terentianae</strong></span> <span class='ocrx_word' id='word_1_4' title='bbox 944 1204 1102 1295; x_wconf 81' lang='lat' dir='ltr'><strong>origine.</strong></span> 
     </span>
    </p>
   </div>
   <div class='ocr_carea' id='block_1_2' title="bbox 719 1403 751 1472">
    <p class='ocr_par' dir='ltr' id='par_1_2' title="bbox 719 1403 751 1472">
     <span class='ocr_line' id='line_1_2' title="bbox 719 1403 751 1472; baseline 0.031 -1"><span class='ocrx_word' id='word_1_5' title='bbox 719 1403 751 1472; x_wconf 93' lang='lat'><strong>1.</strong></span> 
     </span>
    </p>
   </div>
   <div class='ocr_carea' id='block_1_3' title="bbox 185 1543 1274 3054">
    <p class='ocr_par' dir='ltr' id='par_1_3' title="bbox 196 1543 1274 2116">
     <span class='ocr_line' id='line_1_3' title="bbox 283 1543 1274 1622; baseline 0.004 -20"><span class='ocrx_word' id='word_1_6' title='bbox 283 1543 374 1602; x_wconf 88' lang='lat' dir='ltr'><strong>Nulla</strong></span> <span class='ocrx_word' id='word_1_7' title='bbox 396 1547 474 1603; x_wconf 93' lang='lat' dir='ltr'><strong>esset</strong></span> <span class='ocrx_word' id='word_1_8' title='bbox 496 1544 531 1602; x_wconf 91' lang='lat' dir='ltr'><strong>de</strong></span> <span class='ocrx_word' id='word_1_9' title='bbox 554 1543 692 1620; x_wconf 77' lang='lat' dir='ltr'><strong>Hecyrae</strong></span> <span class='ocrx_word' id='word_1_10' title='bbox 715 1544 830 1619; x_wconf 78' lang='lat' dir='ltr'><strong>origine</strong></span> <span class='ocrx_word' id='word_1_11' title='bbox 853 1543 1004 1622; x_wconf 77' lang='lat' dir='ltr'><strong>quaestio,</strong></span> <span class='ocrx_word' id='word_1_12' title='bbox 1035 1543 1059 1602; x_wconf 94' lang='lat' dir='ltr'><strong>si</strong></span> <span class='ocrx_word' id='word_1_13' title='bbox 1082 1544 1218 1606; x_wconf 78' lang='lat' dir='ltr'><strong>Donatus</strong></span> <span class='ocrx_word' id='word_1_14' title='bbox 1239 1551 1274 1606; x_wconf 92' lang='lat' dir='ltr'><strong>ut</strong></span> 
     </span>
     <span class='ocr_line' id='line_1_4' title="bbox 200 1645 1272 1727; baseline 0.002 -21"><span class='ocrx_word' id='word_1_15' title='bbox 200 1649 230 1706; x_wconf 91' lang='lat' dir='ltr'><strong>in</strong></span> <span class='ocrx_word' id='word_1_16' title='bbox 256 1647 362 1707; x_wconf 90' lang='lat' dir='ltr'><strong>ceteris</strong></span> <span class='ocrx_word' id='word_1_17' title='bbox 382 1646 498 1706; x_wconf 86' lang='lat' dir='ltr'><strong>fabulis·</strong></span> <span class='ocrx_word' id='word_1_18' title='bbox 520 1645 562 1705; x_wconf 91' lang='lat' dir='ltr'><strong>sic</strong></span> <span class='ocrx_word' id='word_1_19' title='bbox 582 1646 614 1704; x_wconf 92' lang='lat' dir='ltr'><strong>in</strong></span> <span class='ocrx_word' id='word_1_20' title='bbox 637 1646 775 1723; x_wconf 78' lang='lat' dir='ltr'><strong>Hecyrae</strong></span> <span class='ocrx_word' id='word_1_21' title='bbox 797 1664 917 1727; x_wconf 89' lang='lat' dir='ltr'><strong>quoque</strong></span> <span class='ocrx_word' id='word_1_22' title='bbox 944 1646 1077 1722; x_wconf 84' lang='lat' dir='ltr'><strong>prologis</strong></span> <span class='ocrx_word' id='word_1_23' title='bbox 1100 1648 1137 1706; x_wconf 89' lang='lat' dir='ltr'><strong>de</strong></span> <span class='ocrx_word' id='word_1_24' title='bbox 1159 1648 1272 1709; x_wconf 85' lang='lat' dir='ltr'><strong>Graeco</strong></span> 
     </span>
     <span class='ocr_line' id='line_1_5' title="bbox 197 1747 1272 1829; baseline 0.003 -21"><span class='ocrx_word' id='word_1_25' title='bbox 197 1749 314 1808; x_wconf 85' lang='lat' dir='ltr'><strong>fabulae</strong></span> <span class='ocrx_word' id='word_1_26' title='bbox 335 1752 456 1808; x_wconf 91' lang='lat' dir='ltr'><strong>auctore</strong></span> <span class='ocrx_word' id='word_1_27' title='bbox 477 1749 592 1829; x_wconf 91' lang='lat' dir='ltr'><strong>aliquid</strong></span> <span class='ocrx_word' id='word_1_28' title='bbox 612 1747 798 1809; x_wconf 80' lang='lat' dir='ltr'><strong>tradidisset:</strong></span> <span class='ocrx_word' id='word_1_29' title='bbox 821 1749 901 1829; x_wconf 89' lang='lat' dir='ltr'><strong>quod</strong></span> <span class='ocrx_word' id='word_1_30' title='bbox 923 1767 990 1807; x_wconf 91' lang='lat' dir='ltr'><strong>eum</strong></span> <span class='ocrx_word' id='word_1_31' title='bbox 1012 1749 1045 1808; x_wconf 91' lang='lat' dir='ltr'><strong>in</strong></span> <span class='ocrx_word' id='word_1_32' title='bbox 1067 1750 1124 1810; x_wconf 91' lang='lat' dir='ltr'><strong>hac</strong></span> <span class='ocrx_word' id='word_1_33' title='bbox 1147 1751 1209 1811; x_wconf 90' lang='lat' dir='ltr'><strong>sols</strong></span> <span class='ocrx_word' id='word_1_34' title='bbox 1224 1773 1272 1813; x_wconf 90' lang='lat' dir='ltr'><strong>co-</strong></span> 
     </span>
     <span class='ocr_line' id='line_1_6' title="bbox 197 1851 1273 1934; baseline 0.002 -24"><span class='ocrx_word' id='word_1_35' title='bbox 197 1853 313 1911; x_wconf 88' lang='lat' dir='ltr'><strong>moedia</strong></span> <span class='ocrx_word' id='word_1_36' title='bbox 340 1851 575 1927; x_wconf 78' lang='lat' dir='ltr'><strong>praetermisisse</strong></span> <span class='ocrx_word' id='word_1_37' title='bbox 602 1852 681 1911; x_wconf 92' lang='lat' dir='ltr'><strong>iusto</strong></span> <span class='ocrx_word' id='word_1_38' title='bbox 711 1852 869 1911; x_wconf 88' lang='lat' dir='ltr'><strong>miramur:</strong></span> <span class='ocrx_word' id='word_1_39' title='bbox 902 1870 1006 1913; x_wconf 84' lang='lat' dir='ltr'><strong>verum</strong></span> <span class='ocrx_word' id='word_1_40' title='bbox 1035 1873 1094 1934; x_wconf 91' lang='lat' dir='ltr'><strong>quo</strong></span> <span class='ocrx_word' id='word_1_41' title='bbox 1122 1857 1210 1930; x_wconf 87' lang='lat' dir='ltr'><strong>pacto</strong></span> <span class='ocrx_word' id='word_1_42' title='bbox 1241 1854 1273 1912; x_wconf 91' lang='lat' dir='ltr'><strong>id</strong></span> 
     </span>
     <span class='ocr_line' id='line_1_7' title="bbox 197 1953 1274 2034; baseline 0.003 -23"><span class='ocrx_word' id='word_1_43' title='bbox 197 1954 307 2013; x_wconf 82' lang='lat' dir='ltr'><strong>iactum</strong></span> <span class='ocrx_word' id='word_1_44' title='bbox 337 1953 377 2013; x_wconf 91' lang='lat' dir='ltr'><strong>sit</strong></span> <span class='ocrx_word' id='word_1_45' title='bbox 399 1953 543 2012; x_wconf 87' lang='lat' dir='ltr'><strong>disserere</strong></span> <span class='ocrx_word' id='word_1_46' title='bbox 572 1958 603 2013; x_wconf 92' lang='lat' dir='ltr'><strong>et</strong></span> <span class='ocrx_word' id='word_1_47' title='bbox 625 1958 769 2032; x_wconf 90' lang='lat' dir='ltr'><strong>quantum</strong></span> <span class='ocrx_word' id='word_1_48' title='bbox 791 1954 911 2034; x_wconf 91' lang='lat' dir='ltr'><strong>quidem</strong></span> <span class='ocrx_word' id='word_1_49' title='bbox 939 1955 1086 2031; x_wconf 85' lang='lat' dir='ltr'><strong>possimus</strong></span> <span class='ocrx_word' id='word_1_50' title='bbox 1108 1956 1274 2032; x_wconf 86' lang='lat' dir='ltr'><strong>disceptare</strong></span> 
     </span>
     <span class='ocr_line' id='line_1_8' title="bbox 196 2055 524 2116; baseline 0.003 -2"><span class='ocrx_word' id='word_1_51' title='bbox 196 2056 285 2115; x_wconf 89' lang='lat' dir='ltr'><strong>huius</strong></span> <span class='ocrx_word' id='word_1_52' title='bbox 305 2055 364 2116; x_wconf 86' lang='lat' dir='ltr'><strong>loci</strong></span> <span class='ocrx_word' id='word_1_53' title='bbox 386 2057 524 2115; x_wconf 67' lang='lat' dir='ltr'><strong>nonest.</strong></span> 
     </span>
    </p>

    <p class='ocr_par' dir='ltr' id='par_1_4' title="bbox 185 2159 1273 2341">
     <span class='ocr_line' id='line_1_9' title="bbox 283 2159 1273 2241; baseline 0.003 -25"><span class='ocrx_word' id='word_1_54' title='bbox 283 2159 494 2218; x_wconf 89' lang='lat' dir='ltr'><strong>Revocandum</strong></span> <span class='ocrx_word' id='word_1_55' title='bbox 517 2159 610 2235; x_wconf 78' lang='lat' dir='ltr'><strong>igitur</strong></span> <span class='ocrx_word' id='word_1_56' title='bbox 633 2159 720 2218; x_wconf 90' lang='lat' dir='ltr'><strong>nobis</strong></span> <span class='ocrx_word' id='word_1_57' title='bbox 735 2165 781 2219; x_wconf 90' lang='lat' dir='ltr'><strong>est</strong></span> <span class='ocrx_word' id='word_1_58' title='bbox 801 2159 944 2219; x_wconf 90' lang='lat' dir='ltr'><strong>iudicium</strong></span> <span class='ocrx_word' id='word_1_59' title='bbox 959 2160 997 2218; x_wconf 87' lang='lat' dir='ltr'><strong>ad</strong></span> <span class='ocrx_word' id='word_1_60' title='bbox 1012 2159 1182 2234; x_wconf 86' lang='lat' dir='ltr'><strong>testimonia</strong></span> <span class='ocrx_word' id='word_1_61' title='bbox 1197 2180 1273 2241; x_wconf 89' lang='lat' dir='ltr'><strong>quae</strong></span> 
     </span>
     <span class='ocr_line' id='line_1_10' title="bbox 185 2261 1238 2341; baseline 0 -21"><span class='ocrx_word' id='word_1_62' title='bbox 185 2279 236 2320; x_wconf 81' lang='lat' dir='ltr'><strong>ex</strong></span> <span class='ocrx_word' id='word_1_63' title='bbox 257 2261 436 2341; x_wconf 82' lang='lat' dir='ltr'><strong>antiquitate</strong></span> <span class='ocrx_word' id='word_1_64' title='bbox 459 2262 495 2320; x_wconf 88' lang='lat' dir='ltr'><strong>ad</strong></span> <span class='ocrx_word' id='word_1_65' title='bbox 518 2282 572 2321; x_wconf 92' lang='lat' dir='ltr'><strong>nos</strong></span> <span class='ocrx_word' id='word_1_66' title='bbox 594 2266 797 2338; x_wconf 90' lang='lat' dir='ltr'><strong>pervenerunt</strong></span> <span class='ocrx_word' id='word_1_67' title='bbox 818 2261 1043 2322; x_wconf 85' lang='lat' dir='ltr'><strong>didascaliarum</strong></span> <span class='ocrx_word' id='word_1_68' title='bbox 1066 2267 1097 2321; x_wconf 91' lang='lat' dir='ltr'><strong>ot</strong></span> <span class='ocrx_word' id='word_1_69' title='bbox 1117 2262 1238 2321; x_wconf 89' lang='lat' dir='ltr'><strong>Donati.</strong></span> 
     </span>
    </p>

    <p class='ocr_par' dir='ltr' id='par_1_5' title="bbox 194 2361 1272 2632">
     <span class='ocr_line' id='line_1_11' title="bbox 282 2361 1272 2443; baseline -0.003 -18"><span class='ocrx_word' id='word_1_70' title='bbox 282 2361 449 2443; x_wconf 77' lang='lat' dir='ltr'><strong>Quinquies</strong></span> <span class='ocrx_word' id='word_1_71' title='bbox 477 2364 509 2422; x_wconf 93' lang='lat' dir='ltr'><strong>in</strong></span> <span class='ocrx_word' id='word_1_72' title='bbox 532 2363 643 2422; x_wconf 91' lang='lat' dir='ltr'><strong>Donati</strong></span> <span class='ocrx_word' id='word_1_73' title='bbox 674 2363 711 2421; x_wconf 92' lang='lat' dir='ltr'><strong>ad</strong></span> <span class='ocrx_word' id='word_1_74' title='bbox 732 2363 883 2439; x_wconf 90' lang='lat' dir='ltr'><strong>Hecyram</strong></span> <span class='ocrx_word' id='word_1_75' title='bbox 913 2363 1125 2422; x_wconf 86' lang='lat' dir='ltr'><strong>commentario</strong></span> <span class='ocrx_word' id='word_1_76' title='bbox 1148 2363 1272 2439; x_wconf 85' lang='lat' dir='ltr'><strong>Apollo-</strong></span> 
     </span>
     <span class='ocr_line' id='line_1_12' title="bbox 196 2464 1269 2544; baseline -0.002 -19"><span class='ocrx_word' id='word_1_77' title='bbox 196 2467 298 2525; x_wconf 90' lang='lat' dir='ltr'><strong>dorum</strong></span> <span class='ocrx_word' id='word_1_78' title='bbox 315 2466 483 2544; x_wconf 76' lang='lat' dir='ltr'><strong>Carystium</strong></span> <span class='ocrx_word' id='word_1_79' title='bbox 500 2465 628 2525; x_wconf 86' lang='lat' dir='ltr'><strong>Graecae</strong></span> <span class='ocrx_word' id='word_1_80' title='bbox 643 2465 780 2544; x_wconf 85' lang='lat' dir='ltr'><strong>Hecyrae</strong></span> <span class='ocrx_word' id='word_1_81' title='bbox 803 2469 953 2524; x_wconf 88' lang='lat' dir='ltr'><strong>auctorem</strong></span> <span class='ocrx_word' id='word_1_82' title='bbox 976 2464 1062 2524; x_wconf 89' lang='lat' dir='ltr'><strong>claris</strong></span> <span class='ocrx_word' id='word_1_83' title='bbox 1076 2465 1177 2525; x_wconf 82' lang='lat' dir='ltr'><strong>verbis</strong></span> <span class='ocrx_word' id='word_1_84' title='bbox 1192 2485 1269 2525; x_wconf 94' lang='lat' dir='ltr'><strong>com-</strong></span> 
     </span>
     <span class='ocr_line' id='line_1_13' title="bbox 194 2550 823 2632; baseline 0.003 -6"><span class='ocrx_word' id='word_1_85' title='bbox 194 2568 350 2627; x_wconf 89' lang='lat' dir='ltr'><strong>memorari</strong></span> <span class='ocrx_word' id='word_1_86' title='bbox 372 2567 507 2630; x_wconf 85' lang='lat' dir='ltr'><strong>videmus</strong></span> <span class='ocrx_word' id='word_1_87' title='bbox 529 2567 578 2628; x_wconf 92' lang='lat' dir='ltr'><strong>his</strong></span> <span class='ocrx_word' id='word_1_88' title='bbox 599 2568 686 2632; x_wconf 90' lang='lat' dir='ltr'><strong>locis:</strong></span> <span class='ocrx_word' id='word_1_89' title='bbox 818 2550 823 2582; x_wconf 69' lang='lat'><em>⁸</em></span> 
     </span>
    </p>

    <p class='ocr_par' dir='ltr' id='par_1_6' title="bbox 283 2671 764 2731">
     <span class='ocr_line' id='line_1_14' title="bbox 283 2671 764 2731; baseline -0.004 -2"><span class='ocrx_word' id='word_1_90' title='bbox 283 2671 764 2731; x_wconf 79' lang='lat' dir='ltr'><strong>1.adact.1sc.1.vs.1-2.</strong></span> 
     </span>
    </p>

    <p class='ocr_par' dir='ltr' id='par_1_7' title="bbox 194 2771 1114 3054">
     <span class='ocr_line' id='line_1_15' title="bbox 348 2771 1114 2852; baseline 0.001 -21"><span class='ocrx_word' id='word_1_91' title='bbox 348 2774 416 2832; x_wconf 87' lang='lat' dir='ltr'><strong>‘Per</strong></span> <span class='ocrx_word' id='word_1_92' title='bbox 437 2772 489 2848; x_wconf 89' lang='lat' dir='ltr'><strong>pol</strong></span> <span class='ocrx_word' id='word_1_93' title='bbox 511 2792 600 2852; x_wconf 90' lang='lat' dir='ltr'><strong>quam</strong></span> <span class='ocrx_word' id='word_1_94' title='bbox 622 2792 733 2849; x_wconf 85' lang='lat' dir='ltr'><strong>paucos</strong></span> <span class='ocrx_word' id='word_1_95' title='bbox 754 2773 886 2848; x_wconf 86' lang='lat' dir='ltr'><strong>reperias</strong></span> <span class='ocrx_word' id='word_1_96' title='bbox 908 2771 1114 2832; x_wconf 89' lang='lat' dir='ltr'><strong>meretricibus</strong></span> 
     </span>
     <span class='ocr_line' id='line_1_16' title="bbox 347 2874 904 2952; baseline 0 -20"><span class='ocrx_word' id='word_1_97' title='bbox 347 2874 467 2934; x_wconf 85' lang='lat' dir='ltr'><strong>Fideles</strong></span> <span class='ocrx_word' id='word_1_98' title='bbox 488 2876 609 2936; x_wconf 88' lang='lat' dir='ltr'><strong>evenire</strong></span> <span class='ocrx_word' id='word_1_99' title='bbox 632 2879 786 2947; x_wconf 89' lang='lat' dir='ltr'><strong>amatores,</strong></span> <span class='ocrx_word' id='word_1_100' title='bbox 809 2874 904 2952; x_wconf 62' lang='lat' dir='ltr'><strong>Syra?</strong></span> 
     </span>
     <span class='ocr_line' id='line_1_17' title="bbox 194 2977 1099 3054; baseline 0.001 -18"><span class='ocrx_word' id='word_1_101' title='bbox 194 2977 320 3037; x_wconf 85' lang='lat' dir='ltr'><strong>Donat:</strong></span> <span class='ocrx_word' id='word_1_102' title='bbox 344 2977 481 3042; x_wconf 76' lang='lat' dir='ltr'><strong>‘Quidam</strong></span> <span class='ocrx_word' id='word_1_103' title='bbox 504 2997 565 3036; x_wconf 90' lang='lat' dir='ltr'><strong>non</strong></span> <span class='ocrx_word' id='word_1_104' title='bbox 587 2996 732 3054; x_wconf 86' lang='lat' dir='ltr'><strong>paucos</strong></span> <span class='ocrx_word' id='word_1_105' title='bbox 756 2977 807 3036; x_wconf 90' lang='lat' dir='ltr'><strong>sed</strong></span> <span class='ocrx_word' id='word_1_106' title='bbox 829 2977 966 3052; x_wconf 85' lang='lat' dir='ltr'><strong>paucis</strong></span> <span class='ocrx_word' id='word_1_107' title='bbox 987 2977 1099 3053; x_wconf 79' lang='lat' dir='ltr'><strong>legunt.</strong></span> 
     </span>
    </p>
   </div>
   <div class='ocr_carea' id='block_1_4' title="bbox 280 3079 990 3241">
    <p class='ocr_par' dir='ltr' id='par_1_8' title="bbox 280 3079 990 3241">
     <span class='ocr_line' id='line_1_18' title="bbox 280 3079 669 3156; baseline 0 -16"><span class='ocrx_word' id='word_1_108' title='bbox 280 3080 329 3140; x_wconf 79' lang='lat' dir='ltr'><strong>Sic</strong></span> <span class='ocrx_word' id='word_1_109' title='bbox 351 3079 430 3139; x_wconf 92' lang='lat' dir='ltr'><strong>enim</strong></span> <span class='ocrx_word' id='word_1_110' title='bbox 452 3079 669 3156; x_wconf 82' lang='lat' dir='ltr'><strong>Apollodorus:</strong></span> 
     </span>
     <span class='ocr_line' id='line_1_19' title="bbox 347 3181 990 3241; baseline -0.005 0"><span class='ocrx_word' id='word_1_111' title='bbox 347 3184 427 3241; x_wconf 78' lang='grc' dir='ltr'><strong><em>αλπα</em></strong></span> <span class='ocrx_word' id='word_1_112' title='bbox 450 3181 614 3239; x_wconf 86' lang='grc' dir='ltr'><em>ΙΣΧΡΑΣ</em></span> <span class='ocrx_word' id='word_1_113' title='bbox 638 3182 725 3239; x_wconf 81' lang='grc' dir='ltr'><strong>ΤΗΣ</strong></span> <span class='ocrx_word' id='word_1_114' title='bbox 744 3182 788 3241; x_wconf 88' lang='lat' dir='ltr'><strong>rei</strong></span> <span class='ocrx_word' id='word_1_115' title='bbox 813 3181 990 3239; x_wconf 87' lang='grc' dir='ltr'><em>ΙΟΝΗΝΣ</em></span> 
     </span>
    </p>
   </div>
   <div class='ocr_carea' id='block_1_5' title="bbox 353 3262 835 3365">
    <p class='ocr_par' dir='ltr' id='par_1_9' title="bbox 353 3262 835 3365">
     <span class='ocr_line' id='line_1_20' title="bbox 353 3262 835 3365; baseline 0.002 -23"><span class='ocrx_word' id='word_1_116' title='bbox 353 3283 561 3342; x_wconf 67' lang='lat' dir='ltr'><strong>rursiam</strong></span> <span class='ocrx_word' id='word_1_117' title='bbox 580 3262 835 3365; x_wconf 51' lang='lat' dir='ltr'><strong>arrasam)</strong></span> 
     </span>
    </p>
   </div>
   <div class='ocr_carea' id='block_1_6' title="bbox 138 3436 1267 3924">
    <p class='ocr_par' dir='ltr' id='par_1_10' title="bbox 138 3436 1267 3924">
     <span class='ocr_line' id='line_1_21' title="bbox 265 3436 1051 3504; baseline -0.003 -18"><span class='ocrx_word' id='word_1_118' title='bbox 265 3438 290 3504; x_wconf 87' lang='lat'><strong>1)</strong></span> <span class='ocrx_word' id='word_1_119' title='bbox 308 3439 378 3498; x_wconf 79' lang='lat' dir='ltr'><strong>Quas</strong></span> <span class='ocrx_word' id='word_1_120' title='bbox 395 3438 473 3487; x_wconf 87' lang='lat' dir='ltr'><strong>verbs</strong></span> <span class='ocrx_word' id='word_1_121' title='bbox 491 3453 504 3486; x_wconf 90' lang='lat' dir='ltr'><strong>e</strong></span> <span class='ocrx_word' id='word_1_122' title='bbox 522 3437 677 3487; x_wconf 83' lang='lat' dir='ltr'><strong>restitutione</strong></span> <span class='ocrx_word' id='word_1_123' title='bbox 695 3437 756 3485; x_wconf 74' lang='lat' dir='ltr'><strong>Tau.</strong></span> <span class='ocrx_word' id='word_1_124' title='bbox 774 3436 852 3484; x_wconf 82' lang='lat' dir='ltr'><strong>Fabri</strong></span> <span class='ocrx_word' id='word_1_125' title='bbox 868 3437 904 3484; x_wconf 86' lang='lat' dir='ltr'><strong>ita</strong></span> <span class='ocrx_word' id='word_1_126' title='bbox 922 3437 1051 3498; x_wconf 74' lang='lat' dir='ltr'><strong>leguntur:</strong></span> 
     </span>
     <span class='ocr_line' id='line_1_22' title="bbox 365 3517 1085 3589; baseline -0.004 -16"><span class='ocrx_word' id='word_1_127' title='bbox 365 3517 492 3576; x_wconf 76' lang='lat' dir='ltr'><strong>Ou&#39;ddnor’</strong></span> <span class='ocrx_word' id='word_1_128' title='bbox 510 3519 624 3589; x_wconf 70' lang='grc' dir='ltr'><strong>ἐραστὴς</strong></span> <span class='ocrx_word' id='word_1_129' title='bbox 638 3526 696 3581; x_wconf 84' lang='grc' dir='ltr'><strong>ταῖς</strong></span> <span class='ocrx_word' id='word_1_130' title='bbox 713 3519 839 3587; x_wconf 65' lang='lat' dir='ltr'><strong>traductor</strong></span> <span class='ocrx_word' id='word_1_131' title='bbox 857 3519 951 3589; x_wconf 70' lang='grc' dir='ltr'><strong>συνέβη</strong></span> <span class='ocrx_word' id='word_1_132' title='bbox 970 3520 1085 3588; x_wconf 74' lang='grc' dir='ltr'><strong>Βέβαιος.</strong></span> 
     </span>
     <span class='ocr_line' id='line_1_23' title="bbox 195 3608 1267 3661; baseline 0.005 -5"><span class='ocrx_word' id='word_1_133' title='bbox 195 3611 256 3658; x_wconf 84' lang='lat' dir='ltr'><strong>Post</strong></span> <span class='ocrx_word' id='word_1_134' title='bbox 273 3623 330 3657; x_wconf 88' lang='lat' dir='ltr'><strong>sum</strong></span> <span class='ocrx_word' id='word_1_135' title='bbox 347 3610 476 3658; x_wconf 82' lang='lat' dir='ltr'><strong>Bentleius</strong></span> <span class='ocrx_word' id='word_1_136' title='bbox 494 3610 552 3658; x_wconf 88' lang='lat' dir='ltr'><strong>huic</strong></span> <span class='ocrx_word' id='word_1_137' title='bbox 569 3611 623 3658; x_wconf 95' lang='lat' dir='ltr'><strong>loco</strong></span> <span class='ocrx_word' id='word_1_138' title='bbox 641 3623 741 3658; x_wconf 89' lang='lat' dir='ltr'><strong>manum</strong></span> <span class='ocrx_word' id='word_1_139' title='bbox 758 3609 948 3657; x_wconf 84' lang='lat' dir='ltr'><strong>emendatricem</strong></span> <span class='ocrx_word' id='word_1_140' title='bbox 966 3609 1093 3656; x_wconf 81' lang='lat' dir='ltr'><strong>admovit:</strong></span> <span class='ocrx_word' id='word_1_141' title='bbox 1109 3608 1185 3658; x_wconf 82' lang='lat' dir='ltr'><strong>habat</strong></span> <span class='ocrx_word' id='word_1_142' title='bbox 1202 3613 1267 3661; x_wconf 89' lang='lat' dir='ltr'><strong>enim</strong></span> 
     </span>
     <span class='ocr_line' id='line_1_24' title="bbox 138 3693 1267 3759; baseline 0.002 -15"><span class='ocrx_word' id='word_1_143' title='bbox 138 3713 146 3722; x_wconf 88' lang='grc'>·</span> <span class='ocrx_word' id='word_1_144' title='bbox 195 3697 221 3744; x_wconf 88' lang='lat' dir='ltr'><strong>in</strong></span> <span class='ocrx_word' id='word_1_145' title='bbox 239 3694 414 3744; x_wconf 83' lang='lat' dir='ltr'><strong>commentario</strong></span> <span class='ocrx_word' id='word_1_146' title='bbox 432 3695 465 3742; x_wconf 86' lang='lat' dir='ltr'><strong>sd</strong></span> <span class='ocrx_word' id='word_1_147' title='bbox 482 3695 507 3742; x_wconf 90' lang='lat' dir='ltr'><strong>h.</strong></span> <span class='ocrx_word' id='word_1_148' title='bbox 520 3697 536 3742; x_wconf 92' lang='lat' dir='ltr'><strong>l.</strong></span> <span class='ocrx_word' id='word_1_149' title='bbox 555 3695 630 3743; x_wconf 86' lang='lat' dir='ltr'><strong>haec:</strong></span> <span class='ocrx_word' id='word_1_150' title='bbox 649 3695 696 3741; x_wconf 84' lang='lat' dir='ltr'><strong>‘Ita</strong></span> <span class='ocrx_word' id='word_1_151' title='bbox 713 3695 780 3741; x_wconf 87' lang='lat' dir='ltr'><strong>dedit</strong></span> <span class='ocrx_word' id='word_1_152' title='bbox 792 3693 992 3752; x_wconf 75' lang='lat' dir='ltr'><strong>Lindsnbrogius</strong></span> <span class='ocrx_word' id='word_1_153' title='bbox 1010 3708 1041 3742; x_wconf 88' lang='lat' dir='ltr'><strong>ex</strong></span> <span class='ocrx_word' id='word_1_154' title='bbox 1058 3694 1141 3742; x_wconf 85' lang='lat' dir='ltr'><strong>codice</strong></span> <span class='ocrx_word' id='word_1_155' title='bbox 1159 3698 1267 3759; x_wconf 87' lang='lat' dir='ltr'><strong>scripto:</strong></span> 
     </span>
     <span class='ocr_line' id='line_1_25' title="bbox 195 3773 1267 3841; baseline 0.006 -13"><span class='ocrx_word' id='word_1_156' title='bbox 195 3773 355 3841; x_wconf 69' lang='lat' dir='ltr'><strong>quae&#39;prims</strong></span> <span class='ocrx_word' id='word_1_157' title='bbox 372 3780 454 3840; x_wconf 85' lang='lat' dir='ltr'><strong>specie</strong></span> <span class='ocrx_word' id='word_1_158' title='bbox 465 3780 575 3841; x_wconf 83' lang='lat' dir='ltr'><strong>Sibyllae</strong></span> <span class='ocrx_word' id='word_1_159' title='bbox 592 3780 652 3827; x_wconf 88' lang='lat' dir='ltr'><strong>solis</strong></span> <span class='ocrx_word' id='word_1_160' title='bbox 668 3779 812 3827; x_wconf 84' lang='lat' dir='ltr'><strong>rideantur:</strong></span> <span class='ocrx_word' id='word_1_161' title='bbox 832 3793 862 3826; x_wconf 87' lang='lat' dir='ltr'><strong>ss</strong></span> <span class='ocrx_word' id='word_1_162' title='bbox 879 3783 962 3826; x_wconf 84' lang='lat' dir='ltr'><strong>tamon</strong></span> <span class='ocrx_word' id='word_1_163' title='bbox 980 3784 1005 3827; x_wconf 85' lang='lat' dir='ltr'><strong>et</strong></span> <span class='ocrx_word' id='word_1_164' title='bbox 1023 3780 1159 3829; x_wconf 80' lang='lat' dir='ltr'><strong>sententiae</strong></span> <span class='ocrx_word' id='word_1_165' title='bbox 1176 3783 1267 3834; x_wconf 83' lang='lat' dir='ltr'><strong>iudicio</strong></span> 
     </span>
     <span class='ocr_line' id='line_1_26' title="bbox 195 3864 1071 3924; baseline -0.002 -10"><span class='ocrx_word' id='word_1_166' title='bbox 195 3871 220 3914; x_wconf 85' lang='lat' dir='ltr'><strong>et</strong></span> <span class='ocrx_word' id='word_1_167' title='bbox 236 3880 324 3914; x_wconf 84' lang='lat' dir='ltr'><strong>versus</strong></span> <span class='ocrx_word' id='word_1_168' title='bbox 341 3865 436 3912; x_wconf 85' lang='lat' dir='ltr'><strong>ratione</strong></span> <span class='ocrx_word' id='word_1_169' title='bbox 454 3879 504 3912; x_wconf 88' lang='lat' dir='ltr'><strong>non</strong></span> <span class='ocrx_word' id='word_1_170' title='bbox 522 3865 654 3912; x_wconf 81' lang='lat' dir='ltr'><strong>difficulter</strong></span> <span class='ocrx_word' id='word_1_171' title='bbox 670 3865 696 3912; x_wconf 86' lang='lat' dir='ltr'><strong>in</strong></span> <span class='ocrx_word' id='word_1_172' title='bbox 713 3864 845 3924; x_wconf 85' lang='lat' dir='ltr'><strong>pristinum</strong></span> <span class='ocrx_word' id='word_1_173' title='bbox 862 3868 953 3911; x_wconf 86' lang='lat' dir='ltr'><strong>statum</strong></span> <span class='ocrx_word' id='word_1_174' title='bbox 971 3865 1071 3912; x_wconf 83' lang='lat' dir='ltr'><strong>reduxi:</strong></span> 
     </span>
    </p>
   </div>
   <div class='ocr_carea' id='block_1_7' title="bbox 194 3936 1152 4271">
    <p class='ocr_par' dir='ltr' id='par_1_11' title="bbox 194 3936 1152 4271">
     <span class='ocr_line' id='line_1_27' title="bbox 383 3936 1152 4000; baseline 0 0"><span class='ocrx_word' id='word_1_175' title='bbox 383 3947 533 4000; x_wconf 80' lang='grc' dir='ltr'>ΟΔΙΓΔΙΣ</span> <span class='ocrx_word' id='word_1_176' title='bbox 551 3947 727 4000; x_wconf 76' lang='grc' dir='ltr'>ΕΡΔΣΤΗΣ</span> <span class='ocrx_word' id='word_1_177' title='bbox 745 3936 878 3998; x_wconf 83' lang='grc' dir='ltr'><strong>ΓΕΓοΝ’</strong></span> <span class='ocrx_word' id='word_1_178' title='bbox 896 3946 1085 4000; x_wconf 86' lang='grc' dir='ltr'>ΕΤΔΙΡΔΙΣΙ</span> <span class='ocrx_word' id='word_1_179' title='bbox 1151 3951 1152 3954; x_wconf 75' lang='grc'>’</span> 
     </span>
     <span class='ocr_line' id='line_1_28' title="bbox 382 4032 664 4087; baseline -0.007 0"><span class='ocrx_word' id='word_1_180' title='bbox 382 4032 476 4087; x_wconf 67' lang='lat' dir='ltr'><strong>ms</strong></span> <span class='ocrx_word' id='word_1_181' title='bbox 496 4033 664 4086; x_wconf 80' lang='grc' dir='ltr'><strong>ΒΕΒΔΙΟΣ.</strong></span> 
     </span>
     <span class='ocr_line' id='line_1_29' title="bbox 194 4121 959 4182; baseline 0 -11"><span class='ocrx_word' id='word_1_182' title='bbox 194 4123 333 4173; x_wconf 83' lang='lat' dir='ltr'><strong>Heinekius</strong></span> <span class='ocrx_word' id='word_1_183' title='bbox 350 4124 376 4172; x_wconf 88' lang='lat' dir='ltr'><strong>in</strong></span> <span class='ocrx_word' id='word_1_184' title='bbox 394 4122 463 4172; x_wconf 80' lang='lat' dir='ltr'><strong>Corn.</strong></span> <span class='ocrx_word' id='word_1_185' title='bbox 483 4121 526 4170; x_wconf 80' lang='lat' dir='ltr'><strong>Gr.</strong></span> <span class='ocrx_word' id='word_1_186' title='bbox 545 4122 591 4182; x_wconf 75' lang='lat' dir='ltr'><strong>frg.</strong></span> <span class='ocrx_word' id='word_1_187' title='bbox 611 4122 670 4171; x_wconf 89' lang='lat'>1111.</span> <span class='ocrx_word' id='word_1_188' title='bbox 688 4137 713 4182; x_wconf 87' lang='lat' dir='ltr'><strong>p.</strong></span> <span class='ocrx_word' id='word_1_189' title='bbox 727 4123 778 4171; x_wconf 73' lang='lat'><strong>444</strong></span> <span class='ocrx_word' id='word_1_190' title='bbox 790 4136 828 4181; x_wconf 83' lang='lat' dir='ltr'><strong>sq.</strong></span> <span class='ocrx_word' id='word_1_191' title='bbox 846 4122 959 4172; x_wconf 84' lang='lat' dir='ltr'><strong>exhibet:</strong></span> 
     </span>
     <span class='ocr_line' id='line_1_30' title="bbox 557 4201 907 4271; baseline 0.003 -14"><span class='ocrx_word' id='word_1_192' title='bbox 557 4204 740 4271; x_wconf 78' lang='grc' dir='ltr'><strong>ΕΤΔΙΡΔΙΣ,</strong></span> <span class='ocrx_word' id='word_1_193' title='bbox 758 4201 786 4256; x_wconf 84' lang='grc' dir='ltr'>Ω</span> <span class='ocrx_word' id='word_1_194' title='bbox 804 4204 907 4259; x_wconf 69' lang='lat' dir='ltr'><strong>Erus.</strong></span> 
     </span>
    </p>
   </div>
   <div class='ocr_carea' id='block_1_8' title="bbox 1046 4303 1060 4358">
    <p class='ocr_par' dir='ltr' id='par_1_12' title="bbox 1046 4303 1060 4358">
     <span class='ocr_line' id='line_1_31' title="bbox 1046 4303 1060 4358; baseline 0 0"><span class='ocrx_word' id='word_1_195' title='bbox 1046 4303 1060 4358; x_wconf 90' lang='lat'>1</span> 
     </span>
    </p>
   </div>
   <div class='ocr_carea' id='block_1_9' title="bbox 0 0 1638 4772">
    <p class='ocr_par' dir='ltr' id='par_1_13' title="bbox 0 0 1638 4772">
     <span class='ocr_line' id='line_1_32' title="bbox 0 0 1638 4772; baseline 0 2"><span class='ocrx_word' id='word_1_196' title='bbox 0 0 1638 4772; x_wconf 95' lang='lat' dir='ltr'><strong> </strong></span> 
     </span>
    </p>
   </div>
  </div>
 </body>
</html>
