3266 4772
731 527 774 538 ..
817 490 859 556 42
902 528 944 538 ..

387 643 502 716 ‘Senas,
526 644 550 702 si
573 644 638 703 fieri
661 646 784 722 poterit,
809 648 844 706 de
867 653 955 723 partu
978 649 1125 709 oelantor:
1157 669 1232 726 puer
1254 649 1373 708 silentio

300 745 432 805 tolletur.
477 744 590 809 Quodsi
613 753 712 807 tamen
734 749 887 824 peperisse
908 749 999 808 filiam
1022 751 1178 824 senserint,
1201 752 1248 811 dio
1270 753 1374 811 amabo

300 867 373 906 ...:
397 847 439 907 sie
462 831 671 907 contumeliam
694 849 811 925 puellae
833 851 942 910 saetam
966 852 1142 925 conteraris,
1165 852 1221 912 tibi
1242 871 1314 913 vero
1331 852 1375 910 nil

299 948 480 1007 incommodi
503 950 572 1024 erit,
592 952 661 1030 quia
682 969 757 1028 puer
780 953 920 1013 oondnuo
944 951 1129 1028 exponetur!

385 1051 465 1125 Ergo
480 1052 537 1110 hoo
552 1058 616 1111 erat
631 1053 834 1127 constitutum,
857 1059 910 1128 ut,
933 1055 1117 1133 quidquid
1133 1055 1264 1128 fieret,
1287 1075 1374 1131 puer

301 1140 511 1212 confestim
534 1164 819 1231 exponeretur:
848 1176 916 1215 nam
939 1157 1013 1217 alias
1035 1157 1192 1233 Pamphilo
1213 1157 1374 1217 inoommo-

300 1255 369 1312 dum
392 1255 542 1315 evenisset
562 1255 612 1316 vel
634 1257 805 1318 maximum.

386 1357 497 1415 Verum
519 1357 549 1415 id
573 1357 679 1432 ipsum,
701 1363 736 1418 ut
758 1365 861 1435 partus
883 1361 1047 1436 tolleretur,
1071 1362 1136 1420 fieri
1158 1379 1218 1420 non
1232 1359 1374 1436 potuisse,

300 1460 324 1518 si
347 1459 522 1535 Pamphilus
545 1460 635 1519 etiam
656 1461 735 1520 ultro
757 1462 908 1538 professus
931 1469 1023 1536 esset,
1056 1482 1126 1522 ase
1156 1480 1280 1538 puerum
1310 1481 1374 1520 esse

301 1567 406 1634 ortum,
430 1579 520 1637 supra
535 1563 726 1622 ostendimus.
769 1565 846 1623 Nam
862 1585 950 1625 eausa
964 1564 1134 1642 exponendi
1157 1563 1273 1639 prolata
1293 1563 1375 1621 nulla

291 1662 344 1720 'illi
359 1667 468 1739 patres,
491 1670 651 1743 quoerant
672 1665 770 1725 animo
792 1667 824 1724 in
843 1673 992 1744 nepotem,
1014 1685 1165 1745 nunquam
1181 1684 1247 1724 eum
1263 1665 1374 1741 exponi

299 1765 452 1827 sivissent:
483 1764 573 1825 immo
601 1767 654 1826 ubi
683 1767 754 1826 talia
783 1769 879 1827 moliri
910 1769 1095 1847 Myrrhinam
1124 1767 1373 1847 Pamphilumque

300 1866 441 1940 sentiunt,
465 1886 579 1926 summa
601 1869 777 1928 auctoritate
800 1880 890 1949 atque
912 1871 1080 1931 constantia
1102 1870 1278 1930 servandum
1301 1887 1373 1946 pue-

299 1987 365 2026 rum
381 1974 494 2028 ourant.
539 1967 686 2032 Quooiroa
706 1970 783 2029 nihil
804 1972 970 2048 Pamphilo,
994 1972 1018 2031 si
1040 1991 1165 2048 puerum
1187 1971 1299 2046 exponi
1320 1991 1373 2032 vo·

300 2070 412 2143 luisset,
434 2071 541 2129 fuisset
554 2071 701 2144 relietum,
723 2072 780 2132 nisi
803 2079 838 2132 ut
860 2091 876 2131 a
898 2093 930 2134 sa
951 2073 1036 2132 illum
1058 2093 1119 2133 non
1135 2093 1199 2133 esse
1220 2073 1374 2133 indicaret.

300 2172 406 2231 Ateio
428 2173 605 2248 promissum
628 2175 801 2251 Myrrhinae
824 2161 923 2236 domm
952 2195 1011 2235 non
1034 2176 1246 2251 praestitisset,
1275 2181 1373 2254 atque,
1424 2158 1429 2166 ⁸

299 2278 333 2332 ut
351 2274 419 2333 ¹sibi
449 2274 628 2336 incommodi
663 2282 862 2355 comparasset
894 2277 983 2352 nihil,
1015 2279 1059 2338 ita
1085 2277 1224 2337 iniuriam
1256 2277 1373 2355 puellae

299 2376 410 2436 faotam
432 2396 494 2435 non
517 2379 707 2440 contexisset.
1124 2439 1131 2452 .

385 2478 498 2543 Quodsi
521 2481 697 2558 Pamphilus
718 2483 749 2541 id
774 2484 852 2561 quod
874 2501 977 2542 verum
1001 2486 1130 2541 erat-
1149 2482 1200 2542 vel
1220 2481 1321 2559 potius
1343 2482 1373 2540 id

255 2619 260 2628 ·
301 2582 379 2659 quod
401 2602 505 2642 verum
527 2585 653 2659 putabat
673 2616 715 2627 —
737 2585 862 2657 taeebat,
886 2585 957 2664 quid
980 2584 1098 2644 tandem
1115 2583 1213 2643 dioera
1229 2583 1372 2644 eiusmodi

299 2684 413 2760 potuit,
445 2704 503 2762 quo
526 2692 560 2745 ut
581 2690 782 2761 exponeretur
804 2704 879 2762 puer
900 2692 999 2747 tamen
1022 2682 1186 2745 effecisset?
1229 2686 1296 2746 Hoe
1318 2686 1373 2770 sei·

299 2785 371 2847 lieet
393 2786 490 2846 disere
513 2787 623 2859 debuit,
646 2789 744 2867 quod
767 2793 898 2849 exstat
919 2789 957 2847 iu
978 2787 1111 2848 libris:

584 2892 757 2964 ‘puerum
779 2909 863 2950 esse
884 2887 1082 2950 abortum'.

300 2991 383 3051 Duas
413 2996 511 3051 autem
541 2990 628 3051 video
658 2990 777 3050 illorum
798 2994 956 3054 verborum
986 2991 1208 3068 explieationes.
1253 2993 1373 3053 Etenim

301 3099 355 3154 aut
378 3089 515 3156 ‘abortus’
543 3094 636 3154 verbo
659 3112 694 3152 ea
714 3092 761 3154 vis
783 3094 962 3154 vindicanda
989 3097 1047 3166 est,
1077 3097 1112 3152 ut
1136 3112 1196 3151 non
1222 3093 1373 3154 immaturi

300 3202 411 3272 partus,
435 3197 485 3256 sed
500 3195 631 3271 portenti
646 3200 761 3254 tantum
778 3195 1025 3271 significationem
1040 3195 1090 3256 hio
1105 3194 1260 3271 exprimat.
1295 3196 1372 3255 Nam

300 3298 324 3357 si
340 3298 514 3375 Pamphilus
537 3307 699 3357 monstrum
722 3296 772 3357 vel
793 3297 853 3356 tals
877 3297 948 3377 quid
970 3316 1035 3357 esse
1055 3316 1180 3372 puerum
1203 3298 1372 3358 confirmas·

300 3406 354 3475 set,
377 3401 441 3460 sine
464 3400 554 3460 dubio
576 3405 676 3477 patres
698 3419 765 3459 eum
788 3399 898 3476 exponi
920 3399 1084 3459 iussissent.
1098 3397 1124 3474 ¹)

385 3503 453 3563 Hoo
474 3524 547 3564 varo
570 3523 631 3562 non
655 3521 793 3562 conoesso
817 3501 910 3562 altera
932 3501 1092 3578 explioatio
1115 3500 1309 3581 relinquitur,
1340 3503 1372 3562 in

301 3625 360 3684 qua
387 3602 526 3665 ‘abortus'
556 3607 650 3667 verbo
672 3605 794 3681 insuper
816 3604 966 3663 immaturi
988 3608 1090 3679 partus
1107 3603 1289 3680 ‘significatio
1312 3597 1372 3664 ser·
1444 3663 1449 3670 ,

370 3745 395 3801 1)
413 3743 469 3789 Non
488 3743 621 3789 abhorrere
640 3753 694 3787 eam
712 3739 782 3788 verbi
801 3737 917 3788 ‘abortus'
934 3739 986 3785 vim
1004 3737 1035 3784 ab
1054 3751 1099 3784 usu
1116 3739 1215 3800 Latino,
1234 3739 1372 3787 ostenditur

300 3829 406 3887 exempli
424 3829 504 3888 gratia
521 3829 571 3875 illis
589 3826 686 3873 Horatii
703 3825 817 3874 versibus
836 3823 898 3885 (Sat.
917 3825 936 3883 1,
956 3825 979 3882 3,
998 3825 1124 3884 se-t⁷):

427 3909 431 3917 '
455 3914 496 3960 ‘At
513 3918 584 3972 pater
602 3916 629 3958 ut
647 3913 723 3972 gnati,
741 3912 778 3960 sio
794 3925 840 3958 nos
858 3909 975 3958 dehemus
992 3909 1064 3956 amisi

455 3997 481 4045 Si
499 3997 564 4058 quod
583 3998 614 4045 sit
631 3997 719 4045 vitium
736 4010 786 4045 uon
804 3995 928 4044 fastidire:
946 3993 1088 4043 strabonem

453 4085 571 4144 Appellat
589 4081 719 4142 “paetum”
736 4087 814 4143 pater,
833 4085 858 4129 et
875 4079 1008 4142 “pullum'’,
1027 4081 1111 4127 mala
1129 4095 1253 4140 parvus

457 4169 482 4216 Si
501 4169 539 4216 cui
557 4169 621 4216 filius
639 4174 684 4228 ast,
703 4173 730 4216 ut
748 4167 925 4216 abortivus
943 4166 989 4213 tuit
1006 4165 1065 4213 olim

455 4254 582 4320 Sisyphus*
600 4259 645 4311 ato.
